Symbol,MarketTime,BidPrice,AskPrice,BidQty,AskQty
KOSPI200 Future,09:00:00.490,281.5,281.6,6,2
KOSPI200 Future,09:00:00.890,281.5,281.6,7,2
KOSPI200 Future,09:00:00.960,281.5,281.7,7,234
KOSPI200 Future,09:00:00.970,281.5,281.7,5,234
KOSPI200 Future,09:00:01.040,281.45,281.5,22,95
KOSPI200 Future,09:00:01.080,281.45,281.5,21,95
KOSPI200 Future,09:00:01.110,281.45,281.5,18,95
KOSPI200 Future,09:00:01.120,281.45,281.5,18,65
KOSPI200 Future,09:00:01.130,281.45,281.5,18,64
KOSPI200 Future,09:00:01.150,281.45,281.5,18,61
KOSPI200 Future,09:00:01.160,281.45,281.5,18,60
KOSPI200 Future,09:00:01.170,281.45,281.5,18,59
KOSPI200 Future,09:00:01.180,281.45,281.5,18,58
KOSPI200 Future,09:00:01.230,281.45,281.5,18,21
KOSPI200 Future,09:00:01.230,281.45,281.5,18,14
KOSPI200 Future,09:00:01.240,281.45,281.5,18,13
KOSPI200 Future,09:00:01.240,281.45,281.5,18,4
KOSPI200 Future,09:00:01.260,281.45,281.5,18,3
KOSPI200 Future,09:00:01.260,281.45,281.5,18,2
KOSPI200 Future,09:00:01.270,281.45,281.5,18,1
KOSPI200 Future,09:00:01.290,281.45,281.7,18,234
KOSPI200 Future,09:00:01.290,281.45,281.7,13,234
KOSPI200 Future,09:00:01.310,281.45,281.7,13,234
KOSPI200 Future,09:00:01.330,281.6,281.7,8,232
KOSPI200 Future,09:00:01.350,281.6,281.7,9,230
KOSPI200 Future,09:00:01.350,281.6,281.7,9,229
KOSPI200 Future,09:00:01.360,281.6,281.7,9,228
KOSPI200 Future,09:00:01.370,281.6,281.7,8,218
KOSPI200 Future,09:00:01.370,281.6,281.7,8,217
KOSPI200 Future,09:00:01.380,281.6,281.7,8,216
KOSPI200 Future,09:00:01.410,281.6,281.7,7,216
KOSPI200 Future,09:00:01.420,281.6,281.7,7,192
KOSPI200 Future,09:00:01.430,281.6,281.7,4,192
KOSPI200 Future,09:00:01.440,281.6,281.7,4,191
KOSPI200 Future,09:00:01.470,281.6,281.7,3,191
KOSPI200 Future,09:00:01.480,281.6,281.7,1,191
KOSPI200 Future,09:00:01.490,281.6,281.7,1,191
KOSPI200 Future,09:00:01.490,281.6,281.7,1,191
KOSPI200 Future,09:00:01.490,281.45,281.7,17,191
KOSPI200 Future,09:00:01.490,281.45,281.7,17,190
KOSPI200 Future,09:00:01.520,281.45,281.7,33,190
KOSPI200 Future,09:00:01.540,281.5,281.7,1,190
KOSPI200 Future,09:00:01.570,281.5,281.7,6,188
KOSPI200 Future,09:00:01.580,281.5,281.7,5,188
KOSPI200 Future,09:00:01.590,281.5,281.7,5,186
KOSPI200 Future,09:00:01.590,281.5,281.7,3,186
KOSPI200 Future,09:00:01.620,281.5,281.7,3,184
KOSPI200 Future,09:00:01.630,281.5,281.7,3,177
KOSPI200 Future,09:00:01.640,281.5,281.7,3,176
KOSPI200 Future,09:00:01.670,281.5,281.7,3,171
KOSPI200 Future,09:00:01.680,281.5,281.7,3,168
KOSPI200 Future,09:00:01.690,281.5,281.7,3,166
KOSPI200 Future,09:00:01.710,281.5,281.7,1,166
KOSPI200 Future,09:00:01.720,281.5,281.7,1,165
KOSPI200 Future,09:00:01.750,281.5,281.7,1,165
KOSPI200 Future,09:00:01.780,281.5,281.7,1,165
KOSPI200 Future,09:00:01.780,281.45,281.7,9,165
KOSPI200 Future,09:00:01.840,281.45,281.7,6,165
KOSPI200 Future,09:00:01.850,281.45,281.7,5,165
KOSPI200 Future,09:00:01.870,281.45,281.7,3,165
KOSPI200 Future,09:00:01.880,281.45,281.7,3,165
KOSPI200 Future,09:00:01.880,281.4,281.7,24,165
KOSPI200 Future,09:00:01.920,281.4,281.7,24,163
KOSPI200 Future,09:00:01.970,281.4,281.45,23,1
KOSPI200 Future,09:00:01.980,281.4,281.55,23,1
KOSPI200 Future,09:00:01.990,281.4,281.55,20,1
KOSPI200 Future,09:00:02.070,281.4,281.55,41,1
KOSPI200 Future,09:00:02.140,281.4,281.55,56,1
KOSPI200 Future,09:00:02.160,281.4,281.65,56,18
KOSPI200 Future,09:00:02.190,281.45,281.65,2,18
KOSPI200 Future,09:00:02.290,281.55,281.65,55,28
KOSPI200 Future,09:00:02.330,281.55,281.6,46,1
KOSPI200 Future,09:00:02.350,281.55,281.6,46,1
KOSPI200 Future,09:00:02.350,281.55,281.65,45,19
KOSPI200 Future,09:00:02.360,281.55,281.65,45,19
KOSPI200 Future,09:00:02.370,281.45,281.65,1,19
KOSPI200 Future,09:00:02.370,281.45,281.65,1,19
KOSPI200 Future,09:00:02.370,281.4,281.65,10,19
KOSPI200 Future,09:00:02.400,281.4,281.65,10,18
KOSPI200 Future,09:00:02.420,281.4,281.65,9,18
KOSPI200 Future,09:00:02.560,281.4,281.45,9,4
KOSPI200 Future,09:00:02.580,281.4,281.45,8,4
KOSPI200 Future,09:00:02.580,281.4,281.5,8,21
KOSPI200 Future,09:00:02.660,281.45,281.5,14,20
KOSPI200 Future,09:00:02.680,281.45,281.5,17,18
KOSPI200 Future,09:00:02.760,281.45,281.5,27,15
KOSPI200 Future,09:00:02.790,281.45,281.5,25,15
KOSPI200 Future,09:00:02.790,281.45,281.5,25,13
KOSPI200 Future,09:00:02.800,281.45,281.5,25,11
KOSPI200 Future,09:00:02.810,281.45,281.5,16,11
KOSPI200 Future,09:00:02.810,281.45,281.5,16,7
KOSPI200 Future,09:00:02.820,281.45,281.5,16,4
KOSPI200 Future,09:00:02.820,281.45,281.5,16,3
KOSPI200 Future,09:00:02.830,281.45,281.5,14,3
KOSPI200 Future,09:00:02.840,281.45,281.5,11,3
KOSPI200 Future,09:00:02.850,281.45,281.5,11,2
KOSPI200 Future,09:00:02.860,281.45,281.6,11,7
KOSPI200 Future,09:00:02.860,281.45,281.6,9,7
KOSPI200 Future,09:00:02.880,281.45,281.6,8,9
KOSPI200 Future,09:00:02.960,281.45,281.6,5,11
KOSPI200 Future,09:00:02.990,281.6,281.65,10,19
KOSPI200 Future,09:00:03.010,281.6,281.65,8,19
KOSPI200 Future,09:00:03.060,281.6,281.65,2,30
KOSPI200 Future,09:00:03.070,281.45,281.65,5,28
KOSPI200 Future,09:00:03.080,281.45,281.65,4,28
KOSPI200 Future,09:00:03.140,281.45,281.65,3,28
KOSPI200 Future,09:00:03.170,281.45,281.65,2,28
KOSPI200 Future,09:00:03.210,281.45,281.65,2,28
KOSPI200 Future,09:00:03.210,281.4,281.5,18,2
KOSPI200 Future,09:00:03.360,281.45,281.6,16,19
KOSPI200 Future,09:00:03.370,281.45,281.6,15,19
KOSPI200 Future,09:00:03.420,281.45,281.6,23,19
KOSPI200 Future,09:00:03.460,281.45,281.6,22,19
KOSPI200 Future,09:00:03.490,281.5,281.6,11,17
KOSPI200 Future,09:00:03.500,281.5,281.6,8,17
KOSPI200 Future,09:00:03.510,281.5,281.6,8,15
KOSPI200 Future,09:00:03.560,281.5,281.6,8,15
KOSPI200 Future,09:00:03.610,281.5,281.55,8,29
KOSPI200 Future,09:00:03.630,281.5,281.55,7,29
KOSPI200 Future,09:00:03.660,281.5,281.55,6,29
KOSPI200 Future,09:00:03.690,281.5,281.55,3,29
KOSPI200 Future,09:00:03.710,281.5,281.55,3,28
KOSPI200 Future,09:00:03.710,281.5,281.55,2,28
KOSPI200 Future,09:00:03.730,281.5,281.55,1,28
KOSPI200 Future,09:00:03.740,281.45,281.55,11,28
KOSPI200 Future,09:00:03.810,281.45,281.55,11,28
KOSPI200 Future,09:00:03.810,281.45,281.55,3,26
KOSPI200 Future,09:00:03.850,281.45,281.5,3,4
KOSPI200 Future,09:00:03.970,281.45,281.55,11,28
KOSPI200 Future,09:00:04.280,281.45,281.5,12,5
KOSPI200 Future,09:00:04.300,281.45,281.5,9,5
KOSPI200 Future,09:00:04.300,281.45,281.5,7,5
KOSPI200 Future,09:00:04.330,281.45,281.5,7,4
KOSPI200 Future,09:00:04.330,281.45,281.5,7,2
KOSPI200 Future,09:00:04.350,281.45,281.5,7,1
KOSPI200 Future,09:00:04.400,281.45,281.5,6,1
KOSPI200 Future,09:00:04.410,281.45,281.5,6,1
KOSPI200 Future,09:00:04.410,281.45,281.55,6,38
KOSPI200 Future,09:00:04.430,281.45,281.55,4,38
KOSPI200 Future,09:00:04.440,281.45,281.55,3,44
KOSPI200 Future,09:00:04.530,281.45,281.5,2,3
KOSPI200 Future,09:00:04.550,281.5,281.55,3,44
KOSPI200 Future,09:00:04.550,281.5,281.55,3,41
KOSPI200 Future,09:00:04.580,281.5,281.55,5,41
KOSPI200 Future,09:00:04.590,281.5,281.55,4,41
KOSPI200 Future,09:00:04.620,281.5,281.55,3,41
KOSPI200 Future,09:00:04.640,281.45,281.5,1,1
KOSPI200 Future,09:00:04.690,281.45,281.55,1,41
KOSPI200 Future,09:00:04.710,281.45,281.55,1,41
KOSPI200 Future,09:00:04.740,281.4,281.55,39,41
KOSPI200 Future,09:00:04.870,281.4,281.5,39,12
KOSPI200 Future,09:00:04.890,281.4,281.5,39,11
KOSPI200 Future,09:00:04.900,281.4,281.5,39,15
KOSPI200 Future,09:00:04.910,281.4,281.5,38,15
KOSPI200 Future,09:00:04.930,281.4,281.5,38,14
KOSPI200 Future,09:00:04.940,281.4,281.5,38,13
KOSPI200 Future,09:00:04.960,281.4,281.5,34,13
KOSPI200 Future,09:00:04.990,281.4,281.5,34,11
KOSPI200 Future,09:00:05.020,281.4,281.5,35,10
KOSPI200 Future,09:00:05.040,281.4,281.5,35,9
KOSPI200 Future,09:00:05.060,281.4,281.45,35,9
KOSPI200 Future,09:00:05.120,281.4,281.45,35,4
KOSPI200 Future,09:00:05.150,281.4,281.45,35,2
KOSPI200 Future,09:00:05.190,281.4,281.45,34,2
KOSPI200 Future,09:00:05.200,281.45,281.5,2,15
KOSPI200 Future,09:00:05.210,281.45,281.5,1,15
KOSPI200 Future,09:00:05.220,281.4,281.5,34,15
KOSPI200 Future,09:00:05.230,281.4,281.5,34,13
KOSPI200 Future,09:00:05.230,281.4,281.5,33,13
KOSPI200 Future,09:00:05.270,281.45,281.5,2,13
KOSPI200 Future,09:00:05.290,281.45,281.5,4,11
KOSPI200 Future,09:00:05.290,281.45,281.5,3,11
KOSPI200 Future,09:00:05.320,281.45,281.5,2,11
KOSPI200 Future,09:00:05.320,281.45,281.5,1,11
KOSPI200 Future,09:00:05.330,281.45,281.5,1,9
KOSPI200 Future,09:00:05.340,281.4,281.5,33,9
KOSPI200 Future,09:00:05.410,281.4,281.5,33,8
KOSPI200 Future,09:00:05.430,281.4,281.5,33,4
KOSPI200 Future,09:00:05.450,281.4,281.5,33,2
KOSPI200 Future,09:00:05.460,281.4,281.55,33,44
KOSPI200 Future,09:00:05.480,281.4,281.45,32,1
KOSPI200 Future,09:00:05.570,281.4,281.45,23,1
KOSPI200 Future,09:00:05.580,281.4,281.45,4,1
KOSPI200 Future,09:00:05.590,281.35,281.4,29,6
KOSPI200 Future,09:00:05.620,281.35,281.4,29,4
KOSPI200 Future,09:00:05.700,281.35,281.4,29,4
KOSPI200 Future,09:00:05.740,281.35,281.4,29,4
KOSPI200 Future,09:00:05.740,281.5,281.55,2,52
KOSPI200 Future,09:00:05.780,281.35,281.5,29,2
KOSPI200 Future,09:00:05.810,281.35,281.4,28,1
KOSPI200 Future,09:00:05.820,281.35,281.4,28,1
KOSPI200 Future,09:00:05.820,281.35,281.45,28,1
KOSPI200 Future,09:00:05.930,281.35,281.45,29,7
KOSPI200 Future,09:00:06.020,281.35,281.45,30,7
KOSPI200 Future,09:00:06.050,281.35,281.45,20,7
KOSPI200 Future,09:00:06.110,281.4,281.45,17,4
KOSPI200 Future,09:00:06.150,281.4,281.45,15,4
KOSPI200 Future,09:00:06.200,281.45,281.5,16,7
KOSPI200 Future,09:00:06.210,281.45,281.5,13,7
KOSPI200 Future,09:00:06.230,281.45,281.5,13,5
KOSPI200 Future,09:00:06.240,281.45,281.5,8,5
KOSPI200 Future,09:00:06.260,281.45,281.5,8,15
KOSPI200 Future,09:00:06.280,281.45,281.5,7,15
KOSPI200 Future,09:00:06.290,281.45,281.5,7,12
KOSPI200 Future,09:00:06.330,281.45,281.5,6,12
KOSPI200 Future,09:00:06.370,281.45,281.5,5,12
KOSPI200 Future,09:00:06.400,281.45,281.5,5,12
KOSPI200 Future,09:00:06.400,281.4,281.5,10,12
KOSPI200 Future,09:00:06.410,281.45,281.5,6,12
KOSPI200 Future,09:00:06.430,281.45,281.5,5,12
KOSPI200 Future,09:00:06.470,281.45,281.5,4,27
KOSPI200 Future,09:00:06.520,281.4,281.5,10,29
KOSPI200 Future,09:00:06.710,281.4,281.5,10,30
KOSPI200 Future,09:00:06.800,281.4,281.5,9,30
KOSPI200 Future,09:00:06.840,281.4,281.5,9,30
KOSPI200 Future,09:00:06.840,281.35,281.5,25,31
KOSPI200 Future,09:00:06.990,281.35,281.4,24,4
KOSPI200 Future,09:00:07.010,281.35,281.4,24,3
KOSPI200 Future,09:00:07.050,281.35,281.4,24,2
KOSPI200 Future,09:00:07.080,281.35,281.4,20,2
KOSPI200 Future,09:00:07.090,281.4,281.45,3,3
KOSPI200 Future,09:00:07.120,281.4,281.45,1,3
KOSPI200 Future,09:00:07.150,281.35,281.45,21,3
KOSPI200 Future,09:00:07.180,281.35,281.45,19,3
KOSPI200 Future,09:00:07.180,281.35,281.45,19,2
KOSPI200 Future,09:00:07.250,281.35,281.4,19,2
KOSPI200 Future,09:00:07.370,281.35,281.4,19,1
KOSPI200 Future,09:00:07.460,281.4,281.45,1,3
KOSPI200 Future,09:00:07.540,281.35,281.45,28,3
KOSPI200 Future,09:00:07.570,281.4,281.45,4,3
KOSPI200 Future,09:00:07.580,281.4,281.45,3,3
KOSPI200 Future,09:00:07.590,281.4,281.45,2,3
KOSPI200 Future,09:00:07.600,281.4,281.45,1,3
KOSPI200 Future,09:00:07.630,281.35,281.45,28,3
KOSPI200 Future,09:00:07.670,281.35,281.45,18,3
KOSPI200 Future,09:00:07.790,281.35,281.4,15,44
KOSPI200 Future,09:00:07.820,281.35,281.4,14,44
KOSPI200 Future,09:00:07.840,281.35,281.4,12,45
KOSPI200 Future,09:00:07.860,281.35,281.4,11,45
KOSPI200 Future,09:00:07.870,281.35,281.4,9,45
KOSPI200 Future,09:00:07.890,281.35,281.4,8,45
KOSPI200 Future,09:00:07.940,281.35,281.4,8,45
KOSPI200 Future,09:00:07.960,281.35,281.4,7,45
KOSPI200 Future,09:00:07.980,281.35,281.4,6,45
KOSPI200 Future,09:00:08.000,281.35,281.4,5,45
KOSPI200 Future,09:00:08.020,281.35,281.4,5,39
KOSPI200 Future,09:00:08.140,281.35,281.4,4,39
KOSPI200 Future,09:00:08.150,281.35,281.4,4,38
KOSPI200 Future,09:00:08.190,281.35,281.4,2,38
KOSPI200 Future,09:00:08.200,281.35,281.4,1,38
KOSPI200 Future,09:00:08.220,281.35,281.4,1,38
KOSPI200 Future,09:00:08.300,281.3,281.4,77,37
KOSPI200 Future,09:00:08.310,281.3,281.4,76,37
KOSPI200 Future,09:00:08.540,281.3,281.4,70,38
KOSPI200 Future,09:00:08.600,281.3,281.35,70,3
KOSPI200 Future,09:00:08.610,281.3,281.35,70,2
KOSPI200 Future,09:00:08.610,281.3,281.35,70,1
KOSPI200 Future,09:00:08.620,281.3,281.4,70,38
KOSPI200 Future,09:00:08.640,281.3,281.4,70,37
KOSPI200 Future,09:00:08.660,281.3,281.4,70,36
KOSPI200 Future,09:00:08.680,281.3,281.4,71,35
KOSPI200 Future,09:00:08.690,281.3,281.4,71,34
KOSPI200 Future,09:00:08.700,281.3,281.4,71,33
KOSPI200 Future,09:00:08.700,281.3,281.4,71,32
KOSPI200 Future,09:00:08.750,281.3,281.35,71,4
KOSPI200 Future,09:00:08.780,281.3,281.35,70,4
KOSPI200 Future,09:00:08.790,281.3,281.4,66,33
KOSPI200 Future,09:00:08.800,281.3,281.4,65,33
KOSPI200 Future,09:00:08.810,281.3,281.4,65,23
KOSPI200 Future,09:00:08.830,281.3,281.35,64,1
KOSPI200 Future,09:00:08.840,281.3,281.35,63,1
KOSPI200 Future,09:00:08.880,281.3,281.35,61,6
KOSPI200 Future,09:00:08.890,281.3,281.35,60,6
KOSPI200 Future,09:00:08.900,281.3,281.35,59,6
KOSPI200 Future,09:00:08.930,281.3,281.35,59,7
KOSPI200 Future,09:00:08.940,281.3,281.35,66,6
KOSPI200 Future,09:00:08.960,281.3,281.35,65,6
KOSPI200 Future,09:00:08.970,281.3,281.35,64,6
KOSPI200 Future,09:00:08.980,281.3,281.35,63,6
KOSPI200 Future,09:00:09.000,281.3,281.35,59,6
KOSPI200 Future,09:00:09.000,281.3,281.35,58,6
KOSPI200 Future,09:00:09.030,281.3,281.35,56,6
KOSPI200 Future,09:00:09.110,281.3,281.35,55,6
KOSPI200 Future,09:00:09.270,281.3,281.35,56,7
KOSPI200 Future,09:00:09.290,281.3,281.35,55,7
KOSPI200 Future,09:00:09.380,281.3,281.35,55,15
KOSPI200 Future,09:00:09.400,281.3,281.35,35,15
KOSPI200 Future,09:00:09.420,281.3,281.35,34,15
KOSPI200 Future,09:00:09.460,281.3,281.35,33,15
KOSPI200 Future,09:00:09.490,281.3,281.35,31,13
KOSPI200 Future,09:00:09.490,281.3,281.35,30,13
KOSPI200 Future,09:00:09.520,281.3,281.35,28,11
KOSPI200 Future,09:00:09.550,281.3,281.35,27,11
KOSPI200 Future,09:00:09.560,281.3,281.35,26,10
KOSPI200 Future,09:00:09.560,281.3,281.35,25,9
KOSPI200 Future,09:00:09.590,281.3,281.35,24,9
KOSPI200 Future,09:00:09.620,281.3,281.35,24,8
KOSPI200 Future,09:00:09.620,281.3,281.35,14,8
KOSPI200 Future,09:00:09.640,281.3,281.35,13,8
KOSPI200 Future,09:00:09.660,281.3,281.35,12,8
KOSPI200 Future,09:00:09.660,281.3,281.35,11,8
KOSPI200 Future,09:00:09.730,281.35,281.4,7,40
KOSPI200 Future,09:00:09.740,281.35,281.4,6,40
KOSPI200 Future,09:00:09.740,281.35,281.4,5,40
KOSPI200 Future,09:00:09.750,281.35,281.4,3,40
KOSPI200 Future,09:00:09.770,281.35,281.4,2,40
KOSPI200 Future,09:00:09.850,281.35,281.4,1,40
KOSPI200 Future,09:00:09.860,281.3,281.4,19,40
KOSPI200 Future,09:00:10.000,281.3,281.35,19,1
KOSPI200 Future,09:00:10.020,281.3,281.35,5,1
KOSPI200 Future,09:00:10.040,281.3,281.35,5,1
KOSPI200 Future,09:00:10.040,281.25,281.35,45,1
KOSPI200 Future,09:00:10.040,281.25,281.35,17,1
KOSPI200 Future,09:00:10.050,281.2,281.25,87,1
KOSPI200 Future,09:00:10.110,281.2,281.25,87,32
KOSPI200 Future,09:00:10.160,281.2,281.25,86,42
KOSPI200 Future,09:00:10.160,281.2,281.25,86,41
KOSPI200 Future,09:00:10.310,281.2,281.25,85,41
KOSPI200 Future,09:00:10.350,281.2,281.25,85,41
KOSPI200 Future,09:00:10.370,281.2,281.25,85,36
KOSPI200 Future,09:00:10.410,281.2,281.25,84,37
KOSPI200 Future,09:00:10.410,281.2,281.25,83,37
KOSPI200 Future,09:00:10.420,281.2,281.25,82,37
KOSPI200 Future,09:00:10.430,281.2,281.25,81,37
KOSPI200 Future,09:00:10.460,281.2,281.25,81,36
KOSPI200 Future,09:00:10.460,281.2,281.25,81,34
KOSPI200 Future,09:00:10.510,281.2,281.25,80,34
KOSPI200 Future,09:00:10.520,281.2,281.25,80,33
KOSPI200 Future,09:00:10.570,281.2,281.25,77,33
KOSPI200 Future,09:00:10.650,281.2,281.25,77,33
KOSPI200 Future,09:00:10.730,281.2,281.25,58,33
KOSPI200 Future,09:00:10.760,281.2,281.25,56,34
KOSPI200 Future,09:00:10.880,281.2,281.25,55,34
KOSPI200 Future,09:00:10.890,281.2,281.25,55,28
KOSPI200 Future,09:00:10.920,281.2,281.25,53,29
KOSPI200 Future,09:00:10.940,281.2,281.25,53,28
KOSPI200 Future,09:00:11.030,281.2,281.25,56,29
KOSPI200 Future,09:00:11.110,281.2,281.25,55,29
KOSPI200 Future,09:00:11.130,281.2,281.25,55,30
KOSPI200 Future,09:00:11.130,281.2,281.25,55,21
KOSPI200 Future,09:00:11.140,281.2,281.25,55,2
KOSPI200 Future,09:00:11.140,281.25,281.3,8,33
KOSPI200 Future,09:00:11.190,281.25,281.3,8,33
KOSPI200 Future,09:00:11.200,281.25,281.3,8,32
KOSPI200 Future,09:00:11.210,281.25,281.3,7,31
KOSPI200 Future,09:00:11.210,281.25,281.3,7,30
KOSPI200 Future,09:00:11.240,281.25,281.3,6,29
KOSPI200 Future,09:00:11.250,281.25,281.3,5,29
KOSPI200 Future,09:00:11.260,281.25,281.3,4,29
KOSPI200 Future,09:00:11.260,281.25,281.3,3,29
KOSPI200 Future,09:00:11.270,281.25,281.3,2,29
KOSPI200 Future,09:00:11.340,281.25,281.3,20,28
KOSPI200 Future,09:00:11.430,281.25,281.3,19,28
KOSPI200 Future,09:00:11.480,281.25,281.3,18,23
KOSPI200 Future,09:00:11.480,281.25,281.3,18,22
KOSPI200 Future,09:00:11.490,281.25,281.3,17,22
KOSPI200 Future,09:00:11.500,281.25,281.3,16,22
KOSPI200 Future,09:00:11.510,281.25,281.3,15,22
KOSPI200 Future,09:00:11.510,281.25,281.3,12,22
KOSPI200 Future,09:00:11.550,281.25,281.3,12,8
KOSPI200 Future,09:00:11.610,281.25,281.3,16,8
KOSPI200 Future,09:00:11.620,281.25,281.3,17,7
KOSPI200 Future,09:00:11.750,281.25,281.3,18,19
KOSPI200 Future,09:00:11.780,281.25,281.3,16,19
KOSPI200 Future,09:00:11.810,281.25,281.3,28,20
KOSPI200 Future,09:00:11.890,281.25,281.3,26,21
KOSPI200 Future,09:00:11.890,281.25,281.3,26,19
KOSPI200 Future,09:00:11.970,281.25,281.3,25,25
KOSPI200 Future,09:00:12.040,281.25,281.3,24,25
KOSPI200 Future,09:00:12.140,281.25,281.3,23,25
KOSPI200 Future,09:00:12.150,281.25,281.3,22,25
KOSPI200 Future,09:00:12.270,281.25,281.3,26,24
KOSPI200 Future,09:00:12.280,281.25,281.3,25,24
KOSPI200 Future,09:00:12.410,281.25,281.3,25,24
KOSPI200 Future,09:00:12.430,281.25,281.3,25,23
KOSPI200 Future,09:00:12.480,281.25,281.3,25,24
KOSPI200 Future,09:00:12.500,281.25,281.3,22,24
KOSPI200 Future,09:00:12.500,281.25,281.3,20,24
KOSPI200 Future,09:00:12.510,281.25,281.3,16,24
KOSPI200 Future,09:00:12.520,281.25,281.3,14,24
KOSPI200 Future,09:00:12.540,281.25,281.3,18,24
KOSPI200 Future,09:00:12.550,281.25,281.3,15,24
KOSPI200 Future,09:00:12.550,281.25,281.3,13,24
KOSPI200 Future,09:00:12.560,281.25,281.3,9,24
KOSPI200 Future,09:00:12.620,281.25,281.3,7,24
KOSPI200 Future,09:00:12.630,281.25,281.3,3,24
KOSPI200 Future,09:00:12.640,281.25,281.3,1,24
KOSPI200 Future,09:00:12.650,281.2,281.25,51,1
KOSPI200 Future,09:00:12.660,281.2,281.3,51,24
KOSPI200 Future,09:00:12.770,281.2,281.25,53,4
KOSPI200 Future,09:00:12.830,281.2,281.25,52,14
KOSPI200 Future,09:00:12.840,281.2,281.25,52,15
KOSPI200 Future,09:00:12.860,281.2,281.25,52,14
KOSPI200 Future,09:00:12.880,281.2,281.25,51,24
KOSPI200 Future,09:00:12.900,281.2,281.25,50,24
KOSPI200 Future,09:00:12.910,281.2,281.25,49,24
KOSPI200 Future,09:00:13.050,281.2,281.25,63,23
KOSPI200 Future,09:00:13.110,281.2,281.25,63,32
KOSPI200 Future,09:00:13.280,281.2,281.25,63,37
KOSPI200 Future,09:00:13.300,281.2,281.25,62,37
KOSPI200 Future,09:00:13.320,281.2,281.25,62,35
KOSPI200 Future,09:00:13.360,281.2,281.25,62,34
KOSPI200 Future,09:00:13.380,281.2,281.25,60,36
KOSPI200 Future,09:00:13.410,281.2,281.25,60,35
KOSPI200 Future,09:00:13.430,281.2,281.25,48,35
KOSPI200 Future,09:00:13.540,281.2,281.25,47,35
KOSPI200 Future,09:00:13.570,281.2,281.25,47,34
KOSPI200 Future,09:00:13.600,281.2,281.25,46,35
KOSPI200 Future,09:00:13.630,281.2,281.25,47,34
KOSPI200 Future,09:00:13.650,281.2,281.25,45,34
KOSPI200 Future,09:00:13.660,281.2,281.25,35,34
KOSPI200 Future,09:00:13.670,281.2,281.25,16,34
KOSPI200 Future,09:00:13.720,281.2,281.25,16,45
KOSPI200 Future,09:00:13.740,281.2,281.25,15,45
KOSPI200 Future,09:00:13.790,281.2,281.25,14,46
KOSPI200 Future,09:00:13.800,281.2,281.25,13,46
KOSPI200 Future,09:00:13.800,281.2,281.25,11,46
KOSPI200 Future,09:00:13.820,281.2,281.25,11,45
KOSPI200 Future,09:00:13.830,281.2,281.25,9,45
KOSPI200 Future,09:00:13.830,281.2,281.25,9,43
KOSPI200 Future,09:00:13.870,281.2,281.25,16,43
KOSPI200 Future,09:00:13.870,281.15,281.25,91,43
KOSPI200 Future,09:00:13.890,281.15,281.25,91,43
KOSPI200 Future,09:00:13.890,281.15,281.25,87,43
KOSPI200 Future,09:00:13.930,281.15,281.2,87,5
KOSPI200 Future,09:00:13.950,281.15,281.2,87,6
KOSPI200 Future,09:00:13.950,281.15,281.2,87,5
KOSPI200 Future,09:00:13.980,281.15,281.2,87,2
KOSPI200 Future,09:00:13.980,281.15,281.2,87,1
KOSPI200 Future,09:00:13.990,281.2,281.25,15,47
KOSPI200 Future,09:00:14.000,281.2,281.25,11,47
KOSPI200 Future,09:00:14.050,281.2,281.25,11,45
KOSPI200 Future,09:00:14.060,281.2,281.25,2,36
KOSPI200 Future,09:00:14.080,281.2,281.25,2,36
KOSPI200 Future,09:00:14.110,281.15,281.25,74,37
KOSPI200 Future,09:00:14.180,281.15,281.2,73,33
KOSPI200 Future,09:00:14.210,281.15,281.2,73,36
KOSPI200 Future,09:00:14.280,281.15,281.2,72,38
KOSPI200 Future,09:00:14.320,281.15,281.2,72,37
KOSPI200 Future,09:00:14.400,281.15,281.2,72,36
KOSPI200 Future,09:00:14.410,281.15,281.2,72,34
KOSPI200 Future,09:00:14.510,281.15,281.2,72,32
KOSPI200 Future,09:00:14.520,281.15,281.2,72,29
KOSPI200 Future,09:00:14.530,281.15,281.2,72,28
KOSPI200 Future,09:00:14.550,281.15,281.2,98,27
KOSPI200 Future,09:00:14.570,281.15,281.2,98,26
KOSPI200 Future,09:00:14.590,281.15,281.2,97,26
KOSPI200 Future,09:00:14.620,281.15,281.2,96,26
KOSPI200 Future,09:00:14.620,281.15,281.2,95,26
KOSPI200 Future,09:00:14.640,281.15,281.2,94,26
KOSPI200 Future,09:00:14.650,281.15,281.2,93,26
KOSPI200 Future,09:00:14.650,281.15,281.2,92,27
KOSPI200 Future,09:00:14.670,281.15,281.2,91,27
KOSPI200 Future,09:00:14.710,281.15,281.2,91,30
KOSPI200 Future,09:00:14.800,281.15,281.2,89,35
KOSPI200 Future,09:00:14.830,281.15,281.2,88,36
KOSPI200 Future,09:00:14.890,281.15,281.2,94,38
KOSPI200 Future,09:00:14.920,281.15,281.2,94,30
KOSPI200 Future,09:00:14.920,281.15,281.2,94,11
KOSPI200 Future,09:00:14.940,281.15,281.2,94,1
KOSPI200 Future,09:00:14.950,281.15,281.2,93,1
KOSPI200 Future,09:00:14.960,281.15,281.2,92,2
KOSPI200 Future,09:00:14.980,281.15,281.2,91,2
KOSPI200 Future,09:00:15.020,281.15,281.2,91,2
KOSPI200 Future,09:00:15.050,281.2,281.25,1,37
KOSPI200 Future,09:00:15.120,281.2,281.25,1,35
KOSPI200 Future,09:00:15.150,281.15,281.25,92,26
KOSPI200 Future,09:00:15.150,281.15,281.25,92,25
KOSPI200 Future,09:00:15.170,281.2,281.25,11,25
KOSPI200 Future,09:00:15.220,281.2,281.25,1,25
KOSPI200 Future,09:00:15.240,281.15,281.25,93,25
KOSPI200 Future,09:00:15.260,281.15,281.25,91,25
KOSPI200 Future,09:00:15.340,281.2,281.25,10,29
KOSPI200 Future,09:00:15.360,281.2,281.25,9,29
KOSPI200 Future,09:00:15.390,281.2,281.25,8,29
KOSPI200 Future,09:00:15.400,281.2,281.25,7,29
KOSPI200 Future,09:00:15.410,281.2,281.25,7,29
KOSPI200 Future,09:00:15.410,281.15,281.25,87,29
KOSPI200 Future,09:00:15.450,281.2,281.25,4,30
KOSPI200 Future,09:00:15.500,281.2,281.25,10,30
KOSPI200 Future,09:00:15.540,281.2,281.25,9,30
KOSPI200 Future,09:00:15.550,281.2,281.25,7,30
KOSPI200 Future,09:00:15.580,281.2,281.25,6,30
KOSPI200 Future,09:00:15.610,281.2,281.25,6,10
KOSPI200 Future,09:00:15.630,281.2,281.25,5,10
KOSPI200 Future,09:00:15.630,281.15,281.2,93,1
KOSPI200 Future,09:00:15.740,281.2,281.25,1,16
KOSPI200 Future,09:00:15.850,281.2,281.25,11,16
KOSPI200 Future,09:00:15.890,281.2,281.25,9,16
KOSPI200 Future,09:00:15.900,281.2,281.25,8,17
KOSPI200 Future,09:00:15.910,281.2,281.25,11,17
KOSPI200 Future,09:00:15.950,281.2,281.25,15,16
KOSPI200 Future,09:00:15.980,281.2,281.25,12,19
KOSPI200 Future,09:00:15.990,281.2,281.25,11,20
KOSPI200 Future,09:00:16.070,281.2,281.25,10,18
KOSPI200 Future,09:00:16.260,281.2,281.25,11,20
KOSPI200 Future,09:00:16.270,281.2,281.25,10,20
KOSPI200 Future,09:00:16.300,281.2,281.25,9,17
KOSPI200 Future,09:00:16.380,281.2,281.25,9,13
KOSPI200 Future,09:00:16.450,281.2,281.25,7,10
KOSPI200 Future,09:00:16.480,281.2,281.25,6,10
KOSPI200 Future,09:00:16.710,281.2,281.25,8,9
KOSPI200 Future,09:00:16.710,281.2,281.25,3,9
KOSPI200 Future,09:00:16.770,281.2,281.25,4,4
KOSPI200 Future,09:00:16.820,281.2,281.25,5,2
KOSPI200 Future,09:00:16.920,281.2,281.25,6,2
KOSPI200 Future,09:00:16.950,281.2,281.25,5,2
KOSPI200 Future,09:00:17.030,281.2,281.25,4,8
KOSPI200 Future,09:00:17.080,281.2,281.25,7,6
KOSPI200 Future,09:00:17.220,281.2,281.25,18,27
KOSPI200 Future,09:00:17.290,281.2,281.25,22,27
KOSPI200 Future,09:00:17.310,281.2,281.25,20,27
KOSPI200 Future,09:00:17.410,281.2,281.25,20,25
KOSPI200 Future,09:00:17.510,281.2,281.25,19,25
KOSPI200 Future,09:00:17.550,281.2,281.25,23,24
KOSPI200 Future,09:00:17.670,281.2,281.25,23,22
KOSPI200 Future,09:00:17.710,281.2,281.25,22,23
KOSPI200 Future,09:00:17.760,281.2,281.25,22,23
KOSPI200 Future,09:00:17.790,281.2,281.25,21,23
KOSPI200 Future,09:00:17.810,281.2,281.25,21,22
KOSPI200 Future,09:00:17.840,281.2,281.25,21,22
KOSPI200 Future,09:00:17.970,281.2,281.25,21,23
KOSPI200 Future,09:00:18.010,281.2,281.25,20,23
KOSPI200 Future,09:00:18.040,281.2,281.25,19,23
KOSPI200 Future,09:00:18.130,281.2,281.25,18,26
KOSPI200 Future,09:00:18.310,281.2,281.25,18,25
KOSPI200 Future,09:00:18.350,281.2,281.25,19,25
KOSPI200 Future,09:00:18.410,281.2,281.25,18,23
KOSPI200 Future,09:00:18.530,281.2,281.25,17,25
KOSPI200 Future,09:00:18.590,281.2,281.25,17,19
KOSPI200 Future,09:00:18.920,281.2,281.25,24,18
KOSPI200 Future,09:00:19.000,281.2,281.25,24,18
KOSPI200 Future,09:00:19.020,281.2,281.25,24,17
KOSPI200 Future,09:00:19.040,281.2,281.25,24,16
KOSPI200 Future,09:00:19.070,281.2,281.25,21,16
KOSPI200 Future,09:00:19.200,281.2,281.25,21,16
KOSPI200 Future,09:00:19.220,281.2,281.25,20,17
KOSPI200 Future,09:00:19.270,281.2,281.25,19,18
KOSPI200 Future,09:00:19.330,281.2,281.25,20,9
KOSPI200 Future,09:00:19.330,281.25,281.3,1,39
KOSPI200 Future,09:00:19.350,281.25,281.3,10,39
KOSPI200 Future,09:00:19.450,281.25,281.3,11,35
KOSPI200 Future,09:00:19.520,281.25,281.3,10,27
KOSPI200 Future,09:00:19.530,281.25,281.3,14,27
KOSPI200 Future,09:00:19.560,281.25,281.3,13,27
KOSPI200 Future,09:00:19.660,281.25,281.3,12,26
KOSPI200 Future,09:00:19.740,281.25,281.3,2,26
KOSPI200 Future,09:00:19.740,281.25,281.3,1,26
KOSPI200 Future,09:00:19.760,281.2,281.3,53,26
KOSPI200 Future,09:00:19.780,281.2,281.3,53,25
KOSPI200 Future,09:00:19.890,281.2,281.3,52,28
KOSPI200 Future,09:00:20.010,281.25,281.3,1,26
KOSPI200 Future,09:00:20.090,281.2,281.3,57,27
KOSPI200 Future,09:00:20.130,281.2,281.3,59,31
KOSPI200 Future,09:00:20.220,281.2,281.3,57,31
KOSPI200 Future,09:00:20.240,281.2,281.25,56,15
KOSPI200 Future,09:00:20.250,281.2,281.25,55,14
KOSPI200 Future,09:00:20.370,281.2,281.25,47,13
KOSPI200 Future,09:00:20.400,281.2,281.25,46,13
KOSPI200 Future,09:00:20.410,281.2,281.25,47,13
KOSPI200 Future,09:00:20.430,281.2,281.25,47,9
KOSPI200 Future,09:00:20.510,281.2,281.25,45,10
KOSPI200 Future,09:00:20.780,281.2,281.25,46,41
KOSPI200 Future,09:00:20.880,281.2,281.25,46,43
KOSPI200 Future,09:00:20.920,281.2,281.25,46,43
KOSPI200 Future,09:00:20.940,281.2,281.25,46,42
KOSPI200 Future,09:00:21.030,281.2,281.25,34,42
KOSPI200 Future,09:00:21.050,281.2,281.25,25,42
KOSPI200 Future,09:00:21.050,281.2,281.25,6,42
KOSPI200 Future,09:00:21.070,281.2,281.25,6,41
KOSPI200 Future,09:00:21.090,281.2,281.25,5,44
KOSPI200 Future,09:00:21.110,281.15,281.25,112,44
KOSPI200 Future,09:00:21.160,281.15,281.25,117,45
KOSPI200 Future,09:00:21.190,281.15,281.2,117,1
KOSPI200 Future,09:00:21.420,281.15,281.25,109,45
KOSPI200 Future,09:00:21.670,281.15,281.25,109,45
KOSPI200 Future,09:00:21.730,281.15,281.25,109,19
KOSPI200 Future,09:00:21.790,281.2,281.25,14,19
KOSPI200 Future,09:00:21.820,281.2,281.25,18,16
KOSPI200 Future,09:00:21.830,281.2,281.25,15,16
KOSPI200 Future,09:00:21.830,281.2,281.25,12,16
KOSPI200 Future,09:00:21.850,281.2,281.25,8,16
KOSPI200 Future,09:00:21.860,281.2,281.25,2,16
KOSPI200 Future,09:00:21.860,281.15,281.2,109,4
KOSPI200 Future,09:00:21.870,281.15,281.2,109,3
KOSPI200 Future,09:00:22.060,281.15,281.2,107,13
KOSPI200 Future,09:00:22.100,281.15,281.2,107,13
KOSPI200 Future,09:00:22.240,281.15,281.2,107,1
KOSPI200 Future,09:00:22.270,281.15,281.2,107,1
KOSPI200 Future,09:00:22.320,281.2,281.25,1,34
KOSPI200 Future,09:00:22.350,281.2,281.25,2,29
KOSPI200 Future,09:00:22.450,281.2,281.25,11,27
KOSPI200 Future,09:00:22.460,281.2,281.25,11,25
KOSPI200 Future,09:00:22.460,281.2,281.25,10,25
KOSPI200 Future,09:00:22.490,281.2,281.25,21,24
KOSPI200 Future,09:00:22.510,281.2,281.25,20,6
KOSPI200 Future,09:00:22.540,281.2,281.25,18,6
KOSPI200 Future,09:00:22.540,281.2,281.25,16,6
KOSPI200 Future,09:00:22.660,281.2,281.25,18,7
KOSPI200 Future,09:00:22.880,281.2,281.25,13,12
KOSPI200 Future,09:00:22.900,281.2,281.25,3,12
KOSPI200 Future,09:00:22.910,281.2,281.25,3,12
KOSPI200 Future,09:00:23.020,281.2,281.25,9,27
KOSPI200 Future,09:00:23.050,281.2,281.25,8,27
KOSPI200 Future,09:00:23.060,281.2,281.25,7,27
KOSPI200 Future,09:00:23.150,281.2,281.25,6,28
KOSPI200 Future,09:00:23.180,281.2,281.25,5,30
KOSPI200 Future,09:00:23.180,281.2,281.25,4,30
KOSPI200 Future,09:00:23.200,281.2,281.25,4,29
KOSPI200 Future,09:00:23.210,281.2,281.25,3,29
KOSPI200 Future,09:00:23.260,281.2,281.25,2,29
KOSPI200 Future,09:00:23.270,281.2,281.25,1,29
KOSPI200 Future,09:00:23.300,281.15,281.25,121,29
KOSPI200 Future,09:00:23.610,281.2,281.25,2,44
KOSPI200 Future,09:00:23.650,281.15,281.25,127,44
KOSPI200 Future,09:00:23.790,281.15,281.25,130,55
KOSPI200 Future,09:00:23.850,281.2,281.25,16,55
KOSPI200 Future,09:00:23.860,281.2,281.25,15,55
KOSPI200 Future,09:00:23.930,281.2,281.25,20,55
KOSPI200 Future,09:00:24.030,281.2,281.25,21,53
KOSPI200 Future,09:00:24.050,281.2,281.25,19,53
KOSPI200 Future,09:00:24.070,281.2,281.25,19,53
KOSPI200 Future,09:00:24.150,281.2,281.25,19,43
KOSPI200 Future,09:00:24.420,281.2,281.25,20,14
KOSPI200 Future,09:00:24.430,281.2,281.25,18,14
KOSPI200 Future,09:00:24.440,281.2,281.25,14,14
KOSPI200 Future,09:00:24.510,281.2,281.25,10,15
KOSPI200 Future,09:00:24.730,281.2,281.25,23,33
KOSPI200 Future,09:00:25.060,281.2,281.25,34,16
KOSPI200 Future,09:00:25.170,281.2,281.25,39,16
KOSPI200 Future,09:00:25.390,281.2,281.25,43,16
KOSPI200 Future,09:00:25.450,281.2,281.25,42,16
KOSPI200 Future,09:00:25.540,281.2,281.25,42,16
KOSPI200 Future,09:00:25.600,281.2,281.25,42,13
KOSPI200 Future,09:00:26.020,281.2,281.25,42,13
KOSPI200 Future,09:00:26.020,281.15,281.25,36,15
KOSPI200 Future,09:00:26.080,281.15,281.25,36,14
KOSPI200 Future,09:00:26.130,281.15,281.2,36,18
KOSPI200 Future,09:00:26.290,281.15,281.2,44,26
KOSPI200 Future,09:00:26.300,281.15,281.2,44,20
KOSPI200 Future,09:00:26.330,281.15,281.2,44,19
KOSPI200 Future,09:00:26.640,281.15,281.2,44,23
KOSPI200 Future,09:00:26.650,281.15,281.2,44,22
KOSPI200 Future,09:00:26.680,281.15,281.2,44,11
KOSPI200 Future,09:00:26.690,281.15,281.2,43,11
KOSPI200 Future,09:00:26.740,281.15,281.2,42,13
KOSPI200 Future,09:00:26.830,281.15,281.2,43,9
KOSPI200 Future,09:00:26.960,281.15,281.2,40,10
KOSPI200 Future,09:00:27.050,281.15,281.2,40,10
KOSPI200 Future,09:00:27.080,281.15,281.2,38,10
KOSPI200 Future,09:00:27.100,281.15,281.2,33,11
KOSPI200 Future,09:00:27.120,281.1,281.15,290,15
KOSPI200 Future,09:00:27.180,281.1,281.15,290,14
KOSPI200 Future,09:00:27.230,281.1,281.15,290,15
KOSPI200 Future,09:00:27.330,281.1,281.15,288,15
KOSPI200 Future,09:00:27.360,281.1,281.15,288,14
KOSPI200 Future,09:00:27.410,281.1,281.15,288,13
KOSPI200 Future,09:00:27.420,281.1,281.15,285,13
KOSPI200 Future,09:00:27.490,281.1,281.15,284,29
KOSPI200 Future,09:00:27.560,281.1,281.15,284,28
KOSPI200 Future,09:00:27.580,281.1,281.15,284,26
KOSPI200 Future,09:00:27.600,281.1,281.15,284,27
KOSPI200 Future,09:00:27.620,281.1,281.15,283,27
KOSPI200 Future,09:00:27.630,281.1,281.15,282,27
KOSPI200 Future,09:00:27.650,281.1,281.15,279,27
KOSPI200 Future,09:00:27.650,281.1,281.15,279,26
KOSPI200 Future,09:00:27.690,281.1,281.15,279,24
KOSPI200 Future,09:00:27.970,281.1,281.15,286,37
KOSPI200 Future,09:00:27.990,281.1,281.15,284,37
KOSPI200 Future,09:00:28.030,281.1,281.15,283,38
KOSPI200 Future,09:00:28.090,281.1,281.15,283,38
KOSPI200 Future,09:00:28.090,281.1,281.15,282,38
KOSPI200 Future,09:00:28.100,281.1,281.15,282,32
KOSPI200 Future,09:00:28.120,281.1,281.15,280,32
KOSPI200 Future,09:00:28.150,281.1,281.15,279,33
KOSPI200 Future,09:00:28.160,281.1,281.15,279,32
KOSPI200 Future,09:00:28.180,281.1,281.15,278,32
KOSPI200 Future,09:00:28.200,281.1,281.15,276,32
KOSPI200 Future,09:00:28.360,281.1,281.15,272,32
KOSPI200 Future,09:00:28.390,281.1,281.15,272,31
KOSPI200 Future,09:00:28.420,281.1,281.15,271,31
KOSPI200 Future,09:00:28.430,281.1,281.15,270,31
KOSPI200 Future,09:00:28.530,281.1,281.15,269,31
KOSPI200 Future,09:00:28.620,281.1,281.15,268,31
KOSPI200 Future,09:00:28.630,281.1,281.15,268,30
KOSPI200 Future,09:00:28.700,281.1,281.15,268,19
KOSPI200 Future,09:00:28.710,281.1,281.15,266,19
KOSPI200 Future,09:00:28.810,281.1,281.15,266,18
KOSPI200 Future,09:00:28.820,281.1,281.15,265,18
KOSPI200 Future,09:00:28.880,281.1,281.15,265,17
KOSPI200 Future,09:00:28.920,281.1,281.15,264,17
KOSPI200 Future,09:00:28.990,281.1,281.15,263,17
KOSPI200 Future,09:00:29.040,281.1,281.15,69,24
KOSPI200 Future,09:00:29.080,281.1,281.15,69,33
KOSPI200 Future,09:00:29.110,281.1,281.15,68,33
KOSPI200 Future,09:00:29.110,281.1,281.15,63,33
KOSPI200 Future,09:00:29.170,281.1,281.15,63,24
KOSPI200 Future,09:00:29.180,281.1,281.15,62,24
KOSPI200 Future,09:00:29.190,281.1,281.15,62,23
KOSPI200 Future,09:00:29.280,281.1,281.15,63,23
KOSPI200 Future,09:00:29.400,281.1,281.15,57,23
KOSPI200 Future,09:00:29.410,281.1,281.15,56,23
KOSPI200 Future,09:00:29.500,281.1,281.15,26,24
KOSPI200 Future,09:00:29.560,281.1,281.15,20,25
KOSPI200 Future,09:00:29.600,281.1,281.15,19,25
KOSPI200 Future,09:00:29.610,281.1,281.15,3,25
KOSPI200 Future,09:00:29.640,281.1,281.2,3,47
KOSPI200 Future,09:00:29.660,281.1,281.2,1,47
KOSPI200 Future,09:00:29.670,281.05,281.2,104,47
KOSPI200 Future,09:00:29.700,281.1,281.2,7,47
KOSPI200 Future,09:00:29.730,281.1,281.15,7,1
KOSPI200 Future,09:00:29.730,281.1,281.15,6,1
KOSPI200 Future,09:00:29.770,281.1,281.15,8,1
KOSPI200 Future,09:00:29.790,281.1,281.15,23,1
KOSPI200 Future,09:00:29.870,281.1,281.15,25,11
KOSPI200 Future,09:00:30.020,281.1,281.15,21,15
KOSPI200 Future,09:00:30.050,281.1,281.15,21,14
KOSPI200 Future,09:00:30.090,281.1,281.15,18,14
KOSPI200 Future,09:00:30.110,281.1,281.15,18,9
KOSPI200 Future,09:00:30.130,281.1,281.15,15,9
KOSPI200 Future,09:00:30.170,281.1,281.15,8,10
KOSPI200 Future,09:00:30.200,281.1,281.15,6,11
KOSPI200 Future,09:00:30.300,281.1,281.15,22,11
KOSPI200 Future,09:00:30.330,281.1,281.15,21,11
KOSPI200 Future,09:00:30.400,281.1,281.15,26,11
KOSPI200 Future,09:00:30.480,281.1,281.15,26,23
KOSPI200 Future,09:00:30.520,281.1,281.15,32,23
KOSPI200 Future,09:00:30.550,281.1,281.15,32,21
KOSPI200 Future,09:00:30.680,281.1,281.15,31,21
KOSPI200 Future,09:00:31.130,281.1,281.15,35,41
KOSPI200 Future,09:00:31.140,281.1,281.15,34,41
KOSPI200 Future,09:00:31.200,281.1,281.15,34,42
KOSPI200 Future,09:00:31.330,281.1,281.15,37,51
KOSPI200 Future,09:00:31.400,281.1,281.15,36,53
KOSPI200 Future,09:00:31.820,281.1,281.15,57,55
KOSPI200 Future,09:00:31.830,281.1,281.15,56,55
KOSPI200 Future,09:00:31.920,281.1,281.15,36,54
KOSPI200 Future,09:00:31.950,281.1,281.15,24,54
KOSPI200 Future,09:00:32.030,281.1,281.15,23,54
KOSPI200 Future,09:00:32.040,281.1,281.15,23,53
KOSPI200 Future,09:00:32.060,281.1,281.15,22,53
KOSPI200 Future,09:00:32.140,281.1,281.15,23,53
KOSPI200 Future,09:00:32.260,281.1,281.15,22,53
KOSPI200 Future,09:00:32.280,281.1,281.15,2,53
KOSPI200 Future,09:00:32.300,281.1,281.15,1,53
KOSPI200 Future,09:00:32.330,281.05,281.1,120,5
KOSPI200 Future,09:00:32.380,281.05,281.1,111,1
KOSPI200 Future,09:00:32.430,281.05,281.15,111,55
KOSPI200 Future,09:00:32.440,281.05,281.15,111,54
KOSPI200 Future,09:00:32.470,281.05,281.15,111,53
KOSPI200 Future,09:00:32.500,281.05,281.1,111,4
KOSPI200 Future,09:00:32.520,281.05,281.1,111,4
KOSPI200 Future,09:00:32.540,281.05,281.15,99,52
KOSPI200 Future,09:00:32.950,281.05,281.15,95,63
KOSPI200 Future,09:00:33.030,281.1,281.15,4,64
KOSPI200 Future,09:00:33.090,281.1,281.15,3,65
KOSPI200 Future,09:00:33.100,281.1,281.15,2,65
KOSPI200 Future,09:00:33.110,281.1,281.15,1,65
KOSPI200 Future,09:00:33.110,281.05,281.15,87,65
KOSPI200 Future,09:00:33.170,281.05,281.1,99,5
KOSPI200 Future,09:00:33.170,281.05,281.1,99,4
KOSPI200 Future,09:00:33.440,281.1,281.15,10,80
KOSPI200 Future,09:00:33.590,281.1,281.15,9,71
KOSPI200 Future,09:00:33.610,281.05,281.1,109,11
KOSPI200 Future,09:00:33.630,281.05,281.1,109,10
KOSPI200 Future,09:00:33.730,281.05,281.1,109,17
KOSPI200 Future,09:00:33.770,281.05,281.1,108,17
KOSPI200 Future,09:00:33.830,281.05,281.1,108,19
KOSPI200 Future,09:00:33.880,281.05,281.1,95,19
KOSPI200 Future,09:00:34.070,281.05,281.1,94,19
KOSPI200 Future,09:00:34.110,281.05,281.1,94,18
KOSPI200 Future,09:00:34.120,281.05,281.1,94,16
KOSPI200 Future,09:00:34.180,281.05,281.1,91,16
KOSPI200 Future,09:00:34.190,281.05,281.1,90,17
KOSPI200 Future,09:00:34.270,281.05,281.1,90,17
KOSPI200 Future,09:00:34.290,281.05,281.1,90,16
KOSPI200 Future,09:00:34.300,281.05,281.1,90,15
KOSPI200 Future,09:00:34.330,281.05,281.1,89,15
KOSPI200 Future,09:00:34.340,281.05,281.1,89,14
KOSPI200 Future,09:00:34.350,281.05,281.1,89,13
KOSPI200 Future,09:00:34.360,281.05,281.1,88,13
KOSPI200 Future,09:00:34.450,281.05,281.1,87,14
KOSPI200 Future,09:00:34.490,281.05,281.1,87,12
KOSPI200 Future,09:00:34.630,281.05,281.1,87,16
KOSPI200 Future,09:00:34.700,281.05,281.1,86,16
KOSPI200 Future,09:00:34.950,281.05,281.1,86,21
KOSPI200 Future,09:00:35.020,281.05,281.1,36,21
KOSPI200 Future,09:00:35.040,281.05,281.1,35,21
KOSPI200 Future,09:00:35.200,281.05,281.1,36,27
KOSPI200 Future,09:00:35.460,281.05,281.1,36,30
KOSPI200 Future,09:00:35.500,281.05,281.1,36,29
KOSPI200 Future,09:00:35.530,281.05,281.1,35,29
KOSPI200 Future,09:00:35.570,281.05,281.1,34,29
KOSPI200 Future,09:00:35.660,281.05,281.1,32,40
KOSPI200 Future,09:00:35.690,281.05,281.1,33,39
KOSPI200 Future,09:00:35.880,281.05,281.1,33,40
KOSPI200 Future,09:00:36.150,281.05,281.1,49,38
KOSPI200 Future,09:00:36.290,281.05,281.1,49,38
KOSPI200 Future,09:00:36.430,281.05,281.1,48,38
KOSPI200 Future,09:00:36.450,281.05,281.1,47,38
KOSPI200 Future,09:00:36.570,281.05,281.1,47,40
KOSPI200 Future,09:00:36.710,281.05,281.1,48,36
KOSPI200 Future,09:00:36.750,281.05,281.1,46,37
KOSPI200 Future,09:00:36.840,281.05,281.1,46,42
KOSPI200 Future,09:00:36.850,281.05,281.1,46,41
KOSPI200 Future,09:00:36.880,281.05,281.1,45,41
KOSPI200 Future,09:00:36.900,281.05,281.1,44,41
KOSPI200 Future,09:00:37.090,281.05,281.1,44,41
KOSPI200 Future,09:00:37.240,281.05,281.1,44,38
KOSPI200 Future,09:00:37.360,281.05,281.1,45,39
KOSPI200 Future,09:00:37.420,281.05,281.1,37,44
KOSPI200 Future,09:00:37.600,281.05,281.1,43,44
KOSPI200 Future,09:00:37.650,281.05,281.1,43,43
KOSPI200 Future,09:00:37.690,281.05,281.1,43,43
KOSPI200 Future,09:00:37.700,281.05,281.1,42,43
KOSPI200 Future,09:00:37.850,281.05,281.1,43,43
KOSPI200 Future,09:00:38.110,281.05,281.1,44,43
KOSPI200 Future,09:00:38.200,281.05,281.1,44,42
KOSPI200 Future,09:00:38.260,281.05,281.1,44,37
KOSPI200 Future,09:00:38.450,281.05,281.1,39,37
KOSPI200 Future,09:00:38.520,281.05,281.1,41,40
KOSPI200 Future,09:00:39.070,281.05,281.1,42,50
KOSPI200 Future,09:00:39.110,281.05,281.1,42,49
KOSPI200 Future,09:00:39.290,281.05,281.1,43,47
KOSPI200 Future,09:00:39.340,281.05,281.1,43,19
KOSPI200 Future,09:00:39.390,281.05,281.1,42,18
KOSPI200 Future,09:00:39.430,281.05,281.1,41,17
KOSPI200 Future,09:00:39.460,281.05,281.1,41,17
KOSPI200 Future,09:00:39.510,281.05,281.1,41,7
KOSPI200 Future,09:00:39.550,281.05,281.1,41,2
KOSPI200 Future,09:00:39.570,281.1,281.15,5,68
KOSPI200 Future,09:00:39.580,281.1,281.15,5,68
KOSPI200 Future,09:00:39.580,281,281.05,291,109
KOSPI200 Future,09:00:39.600,281,281.05,291,106
KOSPI200 Future,09:00:39.610,281,281.05,291,96
KOSPI200 Future,09:00:39.650,281,281.05,291,94
KOSPI200 Future,09:00:39.700,281,281.05,281,103
KOSPI200 Future,09:00:39.740,281,281.05,281,102
KOSPI200 Future,09:00:39.780,281,281.05,272,101
KOSPI200 Future,09:00:39.840,281,281.05,274,94
KOSPI200 Future,09:00:39.850,281,281.05,274,93
KOSPI200 Future,09:00:39.900,281,281.05,274,75
KOSPI200 Future,09:00:39.900,281,281.05,271,75
KOSPI200 Future,09:00:39.920,281,281.05,270,75
KOSPI200 Future,09:00:39.930,281,281.05,268,75
KOSPI200 Future,09:00:39.950,281,281.05,286,75
KOSPI200 Future,09:00:39.960,281,281.05,284,75
KOSPI200 Future,09:00:39.980,281,281.05,304,71
KOSPI200 Future,09:00:39.990,281,281.05,302,74
KOSPI200 Future,09:00:40.000,281,281.05,301,74
KOSPI200 Future,09:00:40.040,281,281.05,293,73
KOSPI200 Future,09:00:40.210,281,281.05,272,88
KOSPI200 Future,09:00:40.260,281,281.05,271,88
KOSPI200 Future,09:00:40.280,281,281.05,269,88
KOSPI200 Future,09:00:40.310,281,281.05,270,88
KOSPI200 Future,09:00:40.580,281,281.05,272,91
KOSPI200 Future,09:00:40.670,281,281.05,270,91
KOSPI200 Future,09:00:40.900,281,281.05,275,92
KOSPI200 Future,09:00:40.950,281,281.05,258,92
KOSPI200 Future,09:00:40.960,281,281.05,247,92
KOSPI200 Future,09:00:40.970,281,281.05,237,92
KOSPI200 Future,09:00:41.150,281,281.05,236,119
KOSPI200 Future,09:00:41.240,281,281.05,230,120
KOSPI200 Future,09:00:41.340,281,281.05,234,122
KOSPI200 Future,09:00:41.370,281,281.05,234,123
KOSPI200 Future,09:00:41.480,281,281.05,231,117
KOSPI200 Future,09:00:41.720,281,281.05,218,127
KOSPI200 Future,09:00:41.740,281,281.05,208,127
KOSPI200 Future,09:00:41.750,281,281.05,201,127
KOSPI200 Future,09:00:41.750,281,281.05,194,127
KOSPI200 Future,09:00:41.760,281,281.05,185,127
KOSPI200 Future,09:00:41.770,281,281.05,176,127
KOSPI200 Future,09:00:41.780,281,281.05,175,127
KOSPI200 Future,09:00:41.790,281,281.05,173,127
KOSPI200 Future,09:00:42.070,281,281.05,179,127
KOSPI200 Future,09:00:42.290,281,281.05,200,126
KOSPI200 Future,09:00:42.460,281,281.05,205,95
KOSPI200 Future,09:00:42.500,281,281.05,195,95
KOSPI200 Future,09:00:42.520,281,281.05,193,95
KOSPI200 Future,09:00:42.620,281,281.05,193,92
KOSPI200 Future,09:00:42.830,281,281.05,194,82
KOSPI200 Future,09:00:42.840,281,281.05,192,82
KOSPI200 Future,09:00:42.860,281,281.05,191,82
KOSPI200 Future,09:00:43.070,281,281.05,190,83
KOSPI200 Future,09:00:43.090,281,281.05,190,82
KOSPI200 Future,09:00:43.150,281,281.05,189,82
KOSPI200 Future,09:00:43.720,281,281.05,180,91
KOSPI200 Future,09:00:43.830,281,281.05,182,76
KOSPI200 Future,09:00:43.850,281,281.05,182,58
KOSPI200 Future,09:00:43.850,281,281.05,182,38
KOSPI200 Future,09:00:43.880,281,281.05,183,36
KOSPI200 Future,09:00:43.890,281,281.05,181,36
KOSPI200 Future,09:00:43.910,281,281.05,182,26
KOSPI200 Future,09:00:43.920,281,281.05,182,23
KOSPI200 Future,09:00:43.920,281,281.05,181,22
KOSPI200 Future,09:00:43.940,281,281.05,181,21
KOSPI200 Future,09:00:43.940,281,281.05,180,20
KOSPI200 Future,09:00:44.000,281,281.1,181,57
KOSPI200 Future,09:00:44.060,281,281.1,143,60
KOSPI200 Future,09:00:44.070,281,281.1,143,60
KOSPI200 Future,09:00:44.110,281,281.1,145,51
KOSPI200 Future,09:00:44.250,281,281.1,152,52
KOSPI200 Future,09:00:44.300,281,281.1,152,53
KOSPI200 Future,09:00:44.320,281,281.1,151,53
KOSPI200 Future,09:00:44.330,281,281.1,149,53
KOSPI200 Future,09:00:44.620,281.05,281.1,1,63
KOSPI200 Future,09:00:44.660,281,281.1,177,69
KOSPI200 Future,09:00:44.890,281.05,281.1,4,81
KOSPI200 Future,09:00:44.930,281,281.05,179,2
KOSPI200 Future,09:00:44.970,281,281.05,179,4
KOSPI200 Future,09:00:45.020,281,281.05,171,4
KOSPI200 Future,09:00:45.080,281,281.05,172,8
KOSPI200 Future,09:00:45.510,281,281.05,172,93
KOSPI200 Future,09:00:45.530,281,281.05,171,93
KOSPI200 Future,09:00:45.640,281,281.05,169,91
KOSPI200 Future,09:00:45.680,281,281.05,169,86
KOSPI200 Future,09:00:45.940,281,281.05,160,94
KOSPI200 Future,09:00:45.960,281,281.05,145,94
KOSPI200 Future,09:00:46.150,281,281.05,124,91
KOSPI200 Future,09:00:46.160,281,281.05,113,91
KOSPI200 Future,09:00:46.160,281,281.05,110,91
KOSPI200 Future,09:00:46.180,281,281.05,109,91
KOSPI200 Future,09:00:46.230,281,281.05,94,91
KOSPI200 Future,09:00:46.280,281,281.05,93,91
KOSPI200 Future,09:00:46.300,281,281.05,93,90
KOSPI200 Future,09:00:46.380,281,281.05,92,90
KOSPI200 Future,09:00:46.460,281,281.05,91,90
KOSPI200 Future,09:00:46.480,281,281.05,91,89
KOSPI200 Future,09:00:46.530,281,281.05,90,89
KOSPI200 Future,09:00:46.570,281,281.05,85,89
KOSPI200 Future,09:00:46.640,281,281.05,83,89
KOSPI200 Future,09:00:46.710,281,281.05,83,88
KOSPI200 Future,09:00:46.990,281,281.05,85,88
KOSPI200 Future,09:00:47.010,281,281.05,85,87
KOSPI200 Future,09:00:47.090,281,281.05,87,72
KOSPI200 Future,09:00:47.100,281,281.05,86,72
KOSPI200 Future,09:00:47.200,281,281.05,110,72
KOSPI200 Future,09:00:47.630,281,281.05,117,72
KOSPI200 Future,09:00:47.640,281,281.05,114,72
KOSPI200 Future,09:00:47.670,281,281.05,114,71
KOSPI200 Future,09:00:47.970,281,281.05,118,73
KOSPI200 Future,09:00:48.110,281,281.05,113,74
KOSPI200 Future,09:00:48.360,281,281.05,115,74
KOSPI200 Future,09:00:48.480,281,281.05,117,68
KOSPI200 Future,09:00:48.590,281,281.05,128,68
KOSPI200 Future,09:00:49.200,281,281.05,129,68
KOSPI200 Future,09:00:49.800,281,281.05,127,78
KOSPI200 Future,09:00:49.840,281,281.05,124,78
KOSPI200 Future,09:00:49.880,281,281.05,123,78
KOSPI200 Future,09:00:50.460,281,281.05,124,62
KOSPI200 Future,09:00:50.590,281,281.05,123,61
KOSPI200 Future,09:00:50.750,281,281.05,125,61
KOSPI200 Future,09:00:50.760,281,281.05,125,59
KOSPI200 Future,09:00:51.070,281,281.05,124,50
KOSPI200 Future,09:00:51.510,281,281.05,132,60
KOSPI200 Future,09:00:51.790,281,281.05,133,60
KOSPI200 Future,09:00:51.950,281,281.05,134,60
KOSPI200 Future,09:00:52.010,281,281.05,134,49
KOSPI200 Future,09:00:52.060,281,281.05,133,38
KOSPI200 Future,09:00:52.240,281,281.05,127,31
KOSPI200 Future,09:00:52.430,281,281.05,132,30
KOSPI200 Future,09:00:52.700,281,281.05,139,36
KOSPI200 Future,09:00:52.720,281,281.05,139,31
KOSPI200 Future,09:00:52.790,281,281.05,140,30
KOSPI200 Future,09:00:52.890,281,281.1,140,76
KOSPI200 Future,09:00:52.990,281.05,281.1,8,66
KOSPI200 Future,09:00:52.990,281.05,281.1,5,66
KOSPI200 Future,09:00:53.110,281.05,281.1,5,58
KOSPI200 Future,09:00:53.110,281.05,281.1,4,58
KOSPI200 Future,09:00:53.120,281.05,281.1,3,58
KOSPI200 Future,09:00:53.160,281,281.05,149,6
KOSPI200 Future,09:00:53.210,281,281.05,150,5
KOSPI200 Future,09:00:53.300,281.05,281.1,9,56
KOSPI200 Future,09:00:53.330,281.05,281.1,8,56
KOSPI200 Future,09:00:53.350,281.05,281.1,7,56
KOSPI200 Future,09:00:53.350,281.05,281.1,6,56
KOSPI200 Future,09:00:53.370,281.05,281.1,5,56
KOSPI200 Future,09:00:53.370,281.05,281.1,4,56
KOSPI200 Future,09:00:53.380,281.05,281.1,3,56
KOSPI200 Future,09:00:53.380,281.05,281.1,2,56
KOSPI200 Future,09:00:53.420,281.05,281.1,1,47
KOSPI200 Future,09:00:53.430,281,281.1,150,47
KOSPI200 Future,09:00:53.430,281.05,281.1,1,47
KOSPI200 Future,09:00:53.440,281.05,281.1,1,42
KOSPI200 Future,09:00:53.470,281.05,281.1,2,42
KOSPI200 Future,09:00:53.520,281.05,281.1,1,53
KOSPI200 Future,09:00:53.530,281,281.05,150,4
KOSPI200 Future,09:00:53.560,281,281.05,151,2
KOSPI200 Future,09:00:53.580,281,281.05,151,1
KOSPI200 Future,09:00:53.590,281.05,281.1,1,53
KOSPI200 Future,09:00:53.620,281.05,281.15,1,69
KOSPI200 Future,09:00:53.670,281.05,281.15,7,79
KOSPI200 Future,09:00:54.300,281.1,281.15,29,57
KOSPI200 Future,09:00:54.340,281.1,281.15,28,57
KOSPI200 Future,09:00:54.470,281.1,281.15,28,44
KOSPI200 Future,09:00:54.670,281.1,281.15,40,43
KOSPI200 Future,09:00:54.700,281.1,281.15,40,42
KOSPI200 Future,09:00:54.730,281.1,281.15,16,42
KOSPI200 Future,09:00:54.760,281.1,281.15,11,43
KOSPI200 Future,09:00:55.210,281.1,281.15,45,42
KOSPI200 Future,09:00:55.440,281.1,281.15,50,40
KOSPI200 Future,09:00:56.110,281.1,281.15,54,52
KOSPI200 Future,09:00:56.220,281.1,281.15,57,51
KOSPI200 Future,09:00:56.310,281.1,281.15,55,51
KOSPI200 Future,09:00:56.830,281.1,281.15,62,46
KOSPI200 Future,09:00:56.950,281.1,281.15,62,45
KOSPI200 Future,09:00:57.060,281.1,281.15,63,44
KOSPI200 Future,09:00:57.180,281.1,281.15,64,42
KOSPI200 Future,09:00:57.480,281.1,281.15,69,41
KOSPI200 Future,09:00:57.550,281.1,281.15,69,31
KOSPI200 Future,09:00:57.830,281.1,281.15,69,33
KOSPI200 Future,09:00:58.010,281.1,281.15,70,33
KOSPI200 Future,09:00:58.570,281.1,281.15,99,34
KOSPI200 Future,09:00:58.980,281.1,281.15,99,33
KOSPI200 Future,09:00:58.990,281.1,281.15,102,32
KOSPI200 Future,09:00:59.230,281.1,281.15,104,32
KOSPI200 Future,09:00:59.270,281.1,281.15,104,31
KOSPI200 Future,09:00:59.360,281.1,281.15,103,31
KOSPI200 Future,09:00:59.460,281.1,281.15,103,40
KOSPI200 Future,09:00:59.580,281.1,281.15,103,39
KOSPI200 Future,09:00:59.750,281.1,281.15,93,39
KOSPI200 Future,09:00:59.820,281.1,281.15,93,48
KOSPI200 Future,09:00:59.870,281.1,281.15,94,37
KOSPI200 Future,09:01:00.040,281.1,281.15,95,32
KOSPI200 Future,09:01:00.080,281.1,281.15,95,18
KOSPI200 Future,09:01:00.110,281.1,281.15,95,17
KOSPI200 Future,09:01:00.130,281.1,281.15,95,14
KOSPI200 Future,09:01:00.180,281.1,281.15,95,6
KOSPI200 Future,09:01:00.210,281.1,281.15,80,6
KOSPI200 Future,09:01:00.230,281.1,281.15,79,6
KOSPI200 Future,09:01:00.250,281.1,281.15,79,1
KOSPI200 Future,09:01:00.260,281.1,281.2,79,73
KOSPI200 Future,09:01:00.260,281.1,281.2,78,73
KOSPI200 Future,09:01:00.280,281.15,281.2,5,73
KOSPI200 Future,09:01:00.290,281.15,281.2,4,73
KOSPI200 Future,09:01:00.290,281.15,281.2,2,73
KOSPI200 Future,09:01:00.300,281.15,281.2,1,73
KOSPI200 Future,09:01:00.300,281.15,281.2,1,73
KOSPI200 Future,09:01:00.300,281.1,281.2,77,73
KOSPI200 Future,09:01:00.310,281.1,281.2,76,73
KOSPI200 Future,09:01:00.320,281.1,281.2,75,73
KOSPI200 Future,09:01:00.330,281.1,281.2,74,73
KOSPI200 Future,09:01:00.350,281.1,281.15,73,11
KOSPI200 Future,09:01:00.360,281.1,281.15,72,11
KOSPI200 Future,09:01:00.370,281.1,281.15,71,11
KOSPI200 Future,09:01:00.390,281.1,281.15,69,1
KOSPI200 Future,09:01:00.420,281.1,281.2,69,83
KOSPI200 Future,09:01:00.420,281.1,281.2,68,83
KOSPI200 Future,09:01:00.430,281.1,281.2,67,83
KOSPI200 Future,09:01:00.440,281.1,281.2,66,83
KOSPI200 Future,09:01:00.460,281.1,281.15,65,7
KOSPI200 Future,09:01:00.460,281.1,281.15,64,7
KOSPI200 Future,09:01:00.480,281.1,281.15,63,7
KOSPI200 Future,09:01:00.490,281.1,281.15,61,7
KOSPI200 Future,09:01:00.500,281.1,281.15,60,7
KOSPI200 Future,09:01:00.500,281.1,281.15,59,7
KOSPI200 Future,09:01:00.510,281.1,281.15,58,7
KOSPI200 Future,09:01:00.520,281.1,281.15,58,5
KOSPI200 Future,09:01:00.520,281.1,281.15,57,5
KOSPI200 Future,09:01:00.540,281.1,281.15,57,3
KOSPI200 Future,09:01:00.560,281.1,281.15,57,2
KOSPI200 Future,09:01:00.570,281.1,281.15,68,2
KOSPI200 Future,09:01:00.580,281.1,281.15,67,2
KOSPI200 Future,09:01:00.580,281.1,281.15,66,2
KOSPI200 Future,09:01:00.590,281.1,281.15,66,1
KOSPI200 Future,09:01:00.600,281.1,281.15,50,4
KOSPI200 Future,09:01:00.600,281.1,281.15,45,4
KOSPI200 Future,09:01:00.630,281.1,281.15,41,6
KOSPI200 Future,09:01:00.630,281.1,281.15,39,6
KOSPI200 Future,09:01:00.640,281.1,281.15,37,6
KOSPI200 Future,09:01:00.650,281.1,281.15,36,6
KOSPI200 Future,09:01:00.660,281.1,281.15,31,6
KOSPI200 Future,09:01:00.690,281.1,281.15,30,6
KOSPI200 Future,09:01:00.690,281.1,281.15,29,6
KOSPI200 Future,09:01:00.700,281.1,281.15,28,14
KOSPI200 Future,09:01:00.710,281.1,281.15,24,14
KOSPI200 Future,09:01:00.740,281.1,281.15,23,20
KOSPI200 Future,09:01:00.750,281.1,281.15,22,20
KOSPI200 Future,09:01:00.760,281.1,281.15,19,19
KOSPI200 Future,09:01:00.770,281.1,281.15,13,19
KOSPI200 Future,09:01:00.770,281.1,281.15,12,19
KOSPI200 Future,09:01:00.780,281.1,281.15,11,19
KOSPI200 Future,09:01:00.790,281.1,281.15,10,19
KOSPI200 Future,09:01:00.810,281.1,281.15,9,19
KOSPI200 Future,09:01:00.810,281.1,281.15,8,19
KOSPI200 Future,09:01:00.820,281.1,281.15,7,19
KOSPI200 Future,09:01:00.820,281.1,281.15,6,19
KOSPI200 Future,09:01:00.830,281.1,281.15,6,19
KOSPI200 Future,09:01:00.840,281.1,281.15,5,19
KOSPI200 Future,09:01:00.840,281.1,281.15,4,19
KOSPI200 Future,09:01:00.850,281.1,281.15,3,19
KOSPI200 Future,09:01:00.880,281.1,281.15,1,20
KOSPI200 Future,09:01:00.880,281.1,281.15,1,19
KOSPI200 Future,09:01:00.900,281.05,281.15,119,30
KOSPI200 Future,09:01:00.910,281.05,281.15,119,29
KOSPI200 Future,09:01:00.910,281.05,281.15,118,29
KOSPI200 Future,09:01:00.920,281.05,281.15,118,26
KOSPI200 Future,09:01:00.940,281.05,281.15,112,28
KOSPI200 Future,09:01:00.950,281.05,281.15,111,28
KOSPI200 Future,09:01:00.960,281.05,281.15,107,28
KOSPI200 Future,09:01:00.970,281.05,281.15,107,29
KOSPI200 Future,09:01:01.000,281.05,281.15,107,30
KOSPI200 Future,09:01:01.020,281.05,281.15,106,31
KOSPI200 Future,09:01:01.030,281.05,281.15,104,31
KOSPI200 Future,09:01:01.040,281.05,281.15,103,31
KOSPI200 Future,09:01:01.040,281.05,281.15,102,31
KOSPI200 Future,09:01:01.050,281.05,281.15,102,30
KOSPI200 Future,09:01:01.100,281.05,281.15,102,29
KOSPI200 Future,09:01:01.110,281.05,281.15,101,29
KOSPI200 Future,09:01:01.120,281.05,281.15,100,29
KOSPI200 Future,09:01:01.120,281.05,281.15,98,29
KOSPI200 Future,09:01:01.130,281.05,281.15,97,29
KOSPI200 Future,09:01:01.140,281.05,281.15,96,29
KOSPI200 Future,09:01:01.180,281.05,281.1,94,3
KOSPI200 Future,09:01:01.190,281.05,281.1,94,2
KOSPI200 Future,09:01:01.200,281.05,281.1,94,1
KOSPI200 Future,09:01:01.200,281.05,281.15,94,38
KOSPI200 Future,09:01:01.210,281.05,281.1,94,7
KOSPI200 Future,09:01:01.240,281.05,281.1,93,17
KOSPI200 Future,09:01:01.250,281.05,281.1,91,17
KOSPI200 Future,09:01:01.260,281.05,281.1,90,18
KOSPI200 Future,09:01:01.290,281.05,281.1,90,20
KOSPI200 Future,09:01:01.300,281.05,281.1,84,23
KOSPI200 Future,09:01:01.310,281.05,281.1,83,23
KOSPI200 Future,09:01:01.320,281.05,281.1,83,20
KOSPI200 Future,09:01:01.350,281.05,281.1,83,23
KOSPI200 Future,09:01:01.360,281.05,281.1,82,23
KOSPI200 Future,09:01:01.370,281.05,281.1,81,23
KOSPI200 Future,09:01:01.400,281.05,281.1,79,26
KOSPI200 Future,09:01:01.420,281.05,281.1,79,26
KOSPI200 Future,09:01:01.420,281.05,281.1,78,26
KOSPI200 Future,09:01:01.460,281.05,281.1,76,30
KOSPI200 Future,09:01:01.470,281.05,281.1,74,30
KOSPI200 Future,09:01:01.490,281.05,281.1,64,32
KOSPI200 Future,09:01:01.530,281.05,281.1,52,32
KOSPI200 Future,09:01:01.540,281.05,281.1,52,31
KOSPI200 Future,09:01:01.570,281.05,281.1,50,69
KOSPI200 Future,09:01:01.580,281.05,281.1,45,69
KOSPI200 Future,09:01:01.590,281.05,281.1,44,69
KOSPI200 Future,09:01:01.600,281.05,281.1,43,69
KOSPI200 Future,09:01:01.610,281.05,281.1,42,85
KOSPI200 Future,09:01:01.630,281.05,281.1,42,83
KOSPI200 Future,09:01:01.630,281.05,281.1,42,82
KOSPI200 Future,09:01:01.640,281.05,281.1,42,76
KOSPI200 Future,09:01:01.650,281.05,281.1,42,72
KOSPI200 Future,09:01:01.650,281.05,281.1,41,72
KOSPI200 Future,09:01:01.660,281.05,281.1,40,72
KOSPI200 Future,09:01:01.670,281.05,281.1,39,72
KOSPI200 Future,09:01:01.670,281.05,281.1,39,70
KOSPI200 Future,09:01:01.700,281.05,281.1,37,71
KOSPI200 Future,09:01:01.710,281.05,281.1,36,71
KOSPI200 Future,09:01:01.710,281.05,281.1,35,71
KOSPI200 Future,09:01:01.720,281.05,281.1,34,71
KOSPI200 Future,09:01:01.720,281.05,281.1,33,71
KOSPI200 Future,09:01:01.730,281.05,281.1,32,71
KOSPI200 Future,09:01:01.740,281.05,281.1,31,72
KOSPI200 Future,09:01:01.750,281.05,281.1,30,72
KOSPI200 Future,09:01:01.770,281.05,281.1,29,74
KOSPI200 Future,09:01:01.770,281.05,281.1,28,74
KOSPI200 Future,09:01:01.780,281.05,281.1,27,74
KOSPI200 Future,09:01:01.780,281.05,281.1,26,74
KOSPI200 Future,09:01:01.800,281.05,281.1,25,64
KOSPI200 Future,09:01:01.820,281.05,281.1,24,64
KOSPI200 Future,09:01:01.830,281.05,281.1,24,63
KOSPI200 Future,09:01:01.830,281.05,281.1,24,53
KOSPI200 Future,09:01:01.840,281.05,281.1,24,52
KOSPI200 Future,09:01:01.860,281.05,281.1,23,52
KOSPI200 Future,09:01:01.920,281.05,281.1,24,53
KOSPI200 Future,09:01:01.920,281.05,281.1,14,53
KOSPI200 Future,09:01:01.930,281.05,281.1,14,52
KOSPI200 Future,09:01:02.020,281.05,281.1,12,56
KOSPI200 Future,09:01:02.040,281.05,281.1,12,54
KOSPI200 Future,09:01:02.140,281.05,281.1,7,44
KOSPI200 Future,09:01:02.220,281.05,281.1,5,44
KOSPI200 Future,09:01:02.260,281,281.05,139,14
KOSPI200 Future,09:01:02.380,281,281.05,127,19
KOSPI200 Future,09:01:02.390,281,281.05,127,18
KOSPI200 Future,09:01:02.400,281,281.05,127,17
KOSPI200 Future,09:01:02.420,281,281.05,127,14
KOSPI200 Future,09:01:02.420,281,281.05,124,14
KOSPI200 Future,09:01:02.460,281,281.05,124,13
KOSPI200 Future,09:01:02.530,281,281.05,125,11
KOSPI200 Future,09:01:02.570,281,281.05,125,37
KOSPI200 Future,09:01:02.590,281,281.05,125,36
KOSPI200 Future,09:01:02.590,281,281.05,125,26
KOSPI200 Future,09:01:02.620,281,281.05,125,26
KOSPI200 Future,09:01:02.640,281,281.05,125,25
KOSPI200 Future,09:01:02.670,281,281.05,123,29
KOSPI200 Future,09:01:02.680,281,281.05,123,28
KOSPI200 Future,09:01:02.700,281,281.05,121,28
KOSPI200 Future,09:01:02.760,281,281.05,121,27
KOSPI200 Future,09:01:02.770,281,281.05,120,27
KOSPI200 Future,09:01:02.780,281,281.05,120,26
KOSPI200 Future,09:01:02.840,281,281.05,117,40
KOSPI200 Future,09:01:02.850,281,281.05,117,38
KOSPI200 Future,09:01:02.960,281,281.05,116,48
KOSPI200 Future,09:01:02.980,281,281.05,116,46
KOSPI200 Future,09:01:03.020,281,281.05,111,46
KOSPI200 Future,09:01:03.030,281,281.05,111,34
KOSPI200 Future,09:01:03.280,281,281.05,105,29
KOSPI200 Future,09:01:03.290,281,281.05,105,12
KOSPI200 Future,09:01:03.330,281,281.05,104,12
KOSPI200 Future,09:01:03.360,281,281.05,103,22
KOSPI200 Future,09:01:03.360,281,281.05,102,22
KOSPI200 Future,09:01:03.370,281,281.05,100,22
KOSPI200 Future,09:01:03.410,281,281.05,97,22
KOSPI200 Future,09:01:03.560,281,281.05,97,35
KOSPI200 Future,09:01:03.660,281,281.05,95,30
KOSPI200 Future,09:01:03.710,281,281.05,95,37
KOSPI200 Future,09:01:03.720,281,281.05,95,36
KOSPI200 Future,09:01:03.730,281,281.05,95,35
KOSPI200 Future,09:01:03.740,281,281.05,85,35
KOSPI200 Future,09:01:03.750,281,281.05,81,35
KOSPI200 Future,09:01:03.790,281,281.05,78,25
KOSPI200 Future,09:01:03.850,281,281.05,78,34
KOSPI200 Future,09:01:04.050,281,281.05,79,33
KOSPI200 Future,09:01:04.100,281,281.05,79,21
KOSPI200 Future,09:01:04.120,281,281.05,69,21
KOSPI200 Future,09:01:04.150,281,281.05,65,21
KOSPI200 Future,09:01:04.150,281,281.05,65,20
KOSPI200 Future,09:01:04.160,281,281.05,64,20
KOSPI200 Future,09:01:04.210,281,281.05,64,28
KOSPI200 Future,09:01:04.280,281,281.05,62,18
KOSPI200 Future,09:01:04.320,281,281.05,62,17
KOSPI200 Future,09:01:04.340,281,281.05,61,27
KOSPI200 Future,09:01:04.380,281,281.05,52,17
KOSPI200 Future,09:01:04.510,281,281.05,52,15
KOSPI200 Future,09:01:04.570,281,281.05,52,13
KOSPI200 Future,09:01:04.660,281,281.05,54,10
KOSPI200 Future,09:01:04.680,281,281.05,54,9
KOSPI200 Future,09:01:04.710,281,281.05,54,8
KOSPI200 Future,09:01:04.990,281,281.05,52,9
KOSPI200 Future,09:01:05.010,281,281.05,51,9
KOSPI200 Future,09:01:05.060,281,281.05,51,6
KOSPI200 Future,09:01:05.160,281,281.05,48,7
KOSPI200 Future,09:01:05.170,281,281.05,46,7
KOSPI200 Future,09:01:05.360,281,281.05,44,43
KOSPI200 Future,09:01:05.450,281,281.05,43,44
KOSPI200 Future,09:01:05.610,281,281.05,44,43
KOSPI200 Future,09:01:05.770,281,281.05,43,49
KOSPI200 Future,09:01:05.850,280.95,281,89,6
KOSPI200 Future,09:01:05.890,280.95,281,89,5
KOSPI200 Future,09:01:05.930,280.95,281,86,26
KOSPI200 Future,09:01:06.010,280.95,281,86,29
KOSPI200 Future,09:01:06.050,280.95,281,86,35
KOSPI200 Future,09:01:06.110,280.95,281,80,35
KOSPI200 Future,09:01:06.170,280.95,281,79,27
KOSPI200 Future,09:01:06.250,280.95,281,79,26
KOSPI200 Future,09:01:06.300,280.95,281,69,27
KOSPI200 Future,09:01:06.330,280.95,281,69,9
KOSPI200 Future,09:01:06.390,280.95,281,67,8
KOSPI200 Future,09:01:06.450,280.95,281,63,8
KOSPI200 Future,09:01:06.460,280.95,281,62,8
KOSPI200 Future,09:01:06.480,280.95,281,62,8
KOSPI200 Future,09:01:06.480,280.95,281.05,62,61
KOSPI200 Future,09:01:06.530,280.95,281,63,4
KOSPI200 Future,09:01:06.540,280.95,281,61,4
KOSPI200 Future,09:01:06.550,280.95,281,61,1
KOSPI200 Future,09:01:06.570,281,281.05,1,61
KOSPI200 Future,09:01:06.600,280.95,281.05,61,61
KOSPI200 Future,09:01:06.600,280.95,281.05,60,61
KOSPI200 Future,09:01:06.740,280.95,281,62,7
KOSPI200 Future,09:01:06.750,280.95,281,62,7
KOSPI200 Future,09:01:06.770,280.95,281.05,62,55
KOSPI200 Future,09:01:06.810,280.95,281.05,62,55
KOSPI200 Future,09:01:06.840,281,281.05,12,65
KOSPI200 Future,09:01:06.860,281,281.05,11,65
KOSPI200 Future,09:01:06.900,281,281.05,8,66
KOSPI200 Future,09:01:06.930,281,281.05,6,65
KOSPI200 Future,09:01:06.950,281,281.05,5,65
KOSPI200 Future,09:01:07.020,281,281.05,4,67
KOSPI200 Future,09:01:07.050,280.95,281,62,8
KOSPI200 Future,09:01:07.140,280.95,281,59,36
KOSPI200 Future,09:01:07.150,280.95,281,59,35
KOSPI200 Future,09:01:07.200,280.95,281,62,34
KOSPI200 Future,09:01:07.220,280.95,281,62,33
KOSPI200 Future,09:01:07.230,280.95,281,62,3
KOSPI200 Future,09:01:07.320,281,281.05,2,65
KOSPI200 Future,09:01:07.350,281,281.05,2,64
KOSPI200 Future,09:01:07.380,281,281.05,3,56
KOSPI200 Future,09:01:07.400,281,281.05,2,56
KOSPI200 Future,09:01:07.450,281,281.05,6,57
KOSPI200 Future,09:01:07.450,281,281.05,6,52
KOSPI200 Future,09:01:07.470,281,281.05,6,52
KOSPI200 Future,09:01:07.490,281,281.05,6,49
KOSPI200 Future,09:01:07.500,281,281.05,6,49
KOSPI200 Future,09:01:07.500,280.95,281.05,62,49
KOSPI200 Future,09:01:07.530,280.95,281.05,62,37
KOSPI200 Future,09:01:07.560,280.95,281.05,62,37
KOSPI200 Future,09:01:07.560,280.95,281.05,62,29
KOSPI200 Future,09:01:07.590,280.95,281.05,61,39
KOSPI200 Future,09:01:07.670,280.95,281.05,56,32
KOSPI200 Future,09:01:07.740,280.95,281.05,56,42
KOSPI200 Future,09:01:07.790,281,281.05,1,42
KOSPI200 Future,09:01:07.950,280.95,281.05,53,42
KOSPI200 Future,09:01:08.090,280.95,281,53,40
KOSPI200 Future,09:01:08.110,280.95,281,53,35
KOSPI200 Future,09:01:08.110,280.95,281,53,34
KOSPI200 Future,09:01:08.260,280.95,281,53,28
KOSPI200 Future,09:01:08.310,280.95,281,53,27
KOSPI200 Future,09:01:08.710,280.95,281,55,34
KOSPI200 Future,09:01:08.790,280.95,281,55,35
KOSPI200 Future,09:01:08.960,280.95,281,54,36
KOSPI200 Future,09:01:08.980,280.95,281,53,36
KOSPI200 Future,09:01:09.420,280.95,281,53,51
KOSPI200 Future,09:01:09.440,280.95,281,53,51
KOSPI200 Future,09:01:09.550,280.95,281,52,51
KOSPI200 Future,09:01:09.550,280.95,281,50,51
KOSPI200 Future,09:01:09.650,280.95,281,48,52
KOSPI200 Future,09:01:09.670,280.95,281,48,51
KOSPI200 Future,09:01:09.840,280.95,281,50,51
KOSPI200 Future,09:01:09.940,280.95,281,52,19
KOSPI200 Future,09:01:10.010,280.95,281,44,8
KOSPI200 Future,09:01:10.020,280.95,281,44,6
KOSPI200 Future,09:01:10.050,280.95,281,43,5
KOSPI200 Future,09:01:10.070,280.95,281,42,9
KOSPI200 Future,09:01:10.100,280.95,281,41,9
KOSPI200 Future,09:01:10.170,280.95,281,41,8
KOSPI200 Future,09:01:10.220,280.95,281,40,9
KOSPI200 Future,09:01:10.250,280.95,281,40,9
KOSPI200 Future,09:01:10.320,280.95,281,41,9
KOSPI200 Future,09:01:10.470,280.95,281,41,9
KOSPI200 Future,09:01:10.550,280.95,281,38,10
KOSPI200 Future,09:01:10.680,280.95,281,38,20
KOSPI200 Future,09:01:10.900,280.95,281,44,9
KOSPI200 Future,09:01:11.040,280.95,281,44,9
KOSPI200 Future,09:01:11.040,280.95,281.05,44,53
KOSPI200 Future,09:01:11.150,280.95,281.05,44,53
KOSPI200 Future,09:01:11.290,280.95,281.05,44,44
KOSPI200 Future,09:01:11.310,280.95,281,44,1
KOSPI200 Future,09:01:11.350,280.95,281,44,1
KOSPI200 Future,09:01:11.430,280.95,281.05,47,42
KOSPI200 Future,09:01:11.450,281,281.05,20,42
KOSPI200 Future,09:01:11.490,281,281.05,19,33
KOSPI200 Future,09:01:11.510,281,281.05,15,33
KOSPI200 Future,09:01:11.730,281,281.05,45,38
KOSPI200 Future,09:01:11.740,281,281.05,36,38
KOSPI200 Future,09:01:11.860,281,281.05,47,2
KOSPI200 Future,09:01:11.920,281,281.05,47,2
KOSPI200 Future,09:01:11.980,281.05,281.1,4,85
KOSPI200 Future,09:01:12.040,281.05,281.1,4,85
KOSPI200 Future,09:01:12.040,281,281.1,49,77
KOSPI200 Future,09:01:12.090,281,281.1,64,77
KOSPI200 Future,09:01:12.110,281,281.1,60,77
KOSPI200 Future,09:01:12.220,281.05,281.1,3,77
KOSPI200 Future,09:01:12.250,281.05,281.1,2,77
KOSPI200 Future,09:01:12.280,281.05,281.1,1,77
KOSPI200 Future,09:01:12.410,281.05,281.1,2,77
KOSPI200 Future,09:01:12.460,281.05,281.1,1,77
KOSPI200 Future,09:01:12.470,281.05,281.1,1,77
KOSPI200 Future,09:01:12.480,281,281.1,51,77
KOSPI200 Future,09:01:12.500,281.05,281.1,5,70
KOSPI200 Future,09:01:12.540,281.05,281.1,3,70
KOSPI200 Future,09:01:12.570,281.05,281.1,2,72
KOSPI200 Future,09:01:12.600,281.05,281.1,2,72
KOSPI200 Future,09:01:12.680,281,281.1,48,70
KOSPI200 Future,09:01:12.750,281,281.1,46,68
KOSPI200 Future,09:01:12.790,281,281.1,44,63
KOSPI200 Future,09:01:12.890,281.05,281.1,6,67
KOSPI200 Future,09:01:12.930,281.05,281.1,5,67
KOSPI200 Future,09:01:13.050,281.05,281.1,4,47
KOSPI200 Future,09:01:13.050,281.05,281.1,3,47
KOSPI200 Future,09:01:13.130,281.05,281.1,2,47
KOSPI200 Future,09:01:13.150,281.05,281.1,1,47
KOSPI200 Future,09:01:13.250,281.05,281.1,2,47
KOSPI200 Future,09:01:13.310,281.05,281.1,2,47
KOSPI200 Future,09:01:13.460,281.05,281.1,1,47
KOSPI200 Future,09:01:13.580,281.05,281.1,6,47
KOSPI200 Future,09:01:13.680,281,281.05,64,39
KOSPI200 Future,09:01:13.690,281,281.05,59,39
KOSPI200 Future,09:01:13.710,281,281.05,59,30
KOSPI200 Future,09:01:13.730,281,281.05,62,27
KOSPI200 Future,09:01:13.770,281,281.05,62,25
KOSPI200 Future,09:01:13.860,281.05,281.1,14,69
KOSPI200 Future,09:01:14.010,281,281.05,48,6
KOSPI200 Future,09:01:14.010,281,281.05,48,9
KOSPI200 Future,09:01:14.050,281,281.05,48,9
KOSPI200 Future,09:01:14.150,281,281.05,49,25
KOSPI200 Future,09:01:14.160,281,281.05,49,15
KOSPI200 Future,09:01:14.170,281,281.05,49,15
KOSPI200 Future,09:01:14.180,281,281.1,49,57
KOSPI200 Future,09:01:14.210,281,281.05,50,1
KOSPI200 Future,09:01:14.220,281.05,281.1,2,57
KOSPI200 Future,09:01:14.300,281.05,281.1,4,80
KOSPI200 Future,09:01:14.350,281.05,281.1,4,71
KOSPI200 Future,09:01:14.420,281.05,281.1,4,72
KOSPI200 Future,09:01:14.450,281.05,281.1,4,55
KOSPI200 Future,09:01:14.560,281.05,281.1,4,52
KOSPI200 Future,09:01:14.610,281.05,281.1,4,49
KOSPI200 Future,09:01:14.620,281.05,281.1,34,38
KOSPI200 Future,09:01:14.650,281.05,281.1,34,35
KOSPI200 Future,09:01:14.660,281.05,281.1,34,29
KOSPI200 Future,09:01:14.690,281.05,281.1,34,27
KOSPI200 Future,09:01:14.720,281.05,281.1,34,23
KOSPI200 Future,09:01:14.950,281.05,281.1,36,14
KOSPI200 Future,09:01:14.990,281.05,281.1,36,12
KOSPI200 Future,09:01:15.080,281.05,281.1,36,12
KOSPI200 Future,09:01:15.200,281.05,281.15,54,117
KOSPI200 Future,09:01:15.350,281.1,281.15,11,106
KOSPI200 Future,09:01:15.420,281.1,281.15,11,103
KOSPI200 Future,09:01:15.780,281.1,281.15,31,75
KOSPI200 Future,09:01:16.110,281.1,281.15,31,74
KOSPI200 Future,09:01:16.150,281.1,281.15,31,27
KOSPI200 Future,09:01:16.190,281.1,281.15,31,11
KOSPI200 Future,09:01:16.210,281.1,281.15,31,3
KOSPI200 Future,09:01:16.260,281.1,281.15,31,3
KOSPI200 Future,09:01:16.370,281.15,281.2,2,72
KOSPI200 Future,09:01:16.430,281.15,281.2,1,72
KOSPI200 Future,09:01:16.460,281.1,281.2,33,72
KOSPI200 Future,09:01:16.520,281.1,281.15,33,1
KOSPI200 Future,09:01:16.580,281.1,281.15,33,11
KOSPI200 Future,09:01:16.860,281.1,281.15,35,11
KOSPI200 Future,09:01:17.340,281.1,281.15,38,23
KOSPI200 Future,09:01:17.400,281.1,281.15,38,22
KOSPI200 Future,09:01:17.450,281.1,281.15,33,22
KOSPI200 Future,09:01:17.590,281.1,281.15,30,65
KOSPI200 Future,09:01:17.790,281.1,281.15,28,62
KOSPI200 Future,09:01:17.910,281.1,281.15,28,58
KOSPI200 Future,09:01:18.760,281.1,281.15,29,92
KOSPI200 Future,09:01:18.790,281.1,281.15,29,91
KOSPI200 Future,09:01:19.080,281.1,281.15,9,95
KOSPI200 Future,09:01:19.130,281.1,281.15,5,95
KOSPI200 Future,09:01:19.130,281.05,281.1,60,1
KOSPI200 Future,09:01:19.420,281.05,281.1,39,4
KOSPI200 Future,09:01:19.440,281.05,281.1,39,3
KOSPI200 Future,09:01:19.490,281.05,281.1,39,2
KOSPI200 Future,09:01:20.080,281.05,281.1,36,5
KOSPI200 Future,09:01:20.120,281.05,281.1,32,6
KOSPI200 Future,09:01:20.220,281.05,281.1,32,47
KOSPI200 Future,09:01:20.920,281.05,281.1,17,52
KOSPI200 Future,09:01:21.060,281.05,281.1,17,52
KOSPI200 Future,09:01:21.320,281.05,281.1,20,51
KOSPI200 Future,09:01:21.570,281.05,281.1,23,9
KOSPI200 Future,09:01:21.800,281.05,281.1,22,9
KOSPI200 Future,09:01:21.910,281.05,281.1,22,34
KOSPI200 Future,09:01:22.110,281.05,281.1,23,33
KOSPI200 Future,09:01:22.250,281.05,281.1,23,28
KOSPI200 Future,09:01:22.330,281.05,281.1,23,1
KOSPI200 Future,09:01:22.350,281.05,281.1,22,1
KOSPI200 Future,09:01:22.370,281.05,281.15,22,128
KOSPI200 Future,09:01:23.180,281.05,281.1,30,2
KOSPI200 Future,09:01:23.710,281.05,281.1,20,53
KOSPI200 Future,09:01:23.740,281.05,281.1,20,52
KOSPI200 Future,09:01:24.430,281.05,281.1,23,57
KOSPI200 Future,09:01:25.710,281.05,281.1,29,63
KOSPI200 Future,09:01:25.960,281.05,281.1,34,73
KOSPI200 Future,09:01:26.020,281.05,281.1,33,73
KOSPI200 Future,09:01:26.110,281.05,281.1,35,74
KOSPI200 Future,09:01:27.320,281.05,281.1,40,77
KOSPI200 Future,09:01:27.500,281.05,281.1,41,76
KOSPI200 Future,09:01:27.750,281.05,281.1,34,76
KOSPI200 Future,09:01:27.870,281.05,281.1,33,76
KOSPI200 Future,09:01:28.450,281.05,281.1,41,110
KOSPI200 Future,09:01:28.460,281.05,281.1,40,110
KOSPI200 Future,09:01:28.490,281.05,281.1,20,110
KOSPI200 Future,09:01:28.500,281,281.05,119,20
KOSPI200 Future,09:01:28.640,281,281.05,119,50
KOSPI200 Future,09:01:28.680,281,281.05,119,49
KOSPI200 Future,09:01:28.700,281,281.05,119,44
KOSPI200 Future,09:01:28.700,281,281.05,119,43
KOSPI200 Future,09:01:28.740,281,281.05,107,28
KOSPI200 Future,09:01:29.270,281,281.05,110,18
KOSPI200 Future,09:01:29.770,281,281.05,110,19
KOSPI200 Future,09:01:29.940,281,281.05,114,18
KOSPI200 Future,09:01:30.230,281,281.05,115,19
KOSPI200 Future,09:01:30.240,281,281.05,115,18
KOSPI200 Future,09:01:30.880,281,281.05,115,21
KOSPI200 Future,09:01:31.430,281,281.05,115,17
KOSPI200 Future,09:01:31.630,281,281.05,115,8
KOSPI200 Future,09:01:31.640,281,281.05,115,3
KOSPI200 Future,09:01:31.640,281,281.05,114,3
KOSPI200 Future,09:01:31.650,281.05,281.1,1,158
KOSPI200 Future,09:01:31.800,281.05,281.1,18,76
KOSPI200 Future,09:01:32.350,281.05,281.1,19,117
KOSPI200 Future,09:01:32.670,281.05,281.1,19,158
KOSPI200 Future,09:01:32.760,281.05,281.1,22,127
KOSPI200 Future,09:01:32.880,281.05,281.1,24,85
KOSPI200 Future,09:01:33.090,281,281.1,140,127
KOSPI200 Future,09:01:33.160,281,281.1,140,125
KOSPI200 Future,09:01:33.200,281,281.1,140,115
KOSPI200 Future,09:01:33.260,281,281.05,140,8
KOSPI200 Future,09:01:33.280,281,281.05,140,7
KOSPI200 Future,09:01:33.280,281,281.05,140,6
KOSPI200 Future,09:01:33.290,281,281.05,140,5
KOSPI200 Future,09:01:33.340,281,281.05,140,4
KOSPI200 Future,09:01:33.350,281,281.05,140,3
KOSPI200 Future,09:01:33.380,281,281.05,140,2
KOSPI200 Future,09:01:33.410,281.05,281.1,8,117
KOSPI200 Future,09:01:33.430,281.05,281.1,8,112
KOSPI200 Future,09:01:33.470,281.05,281.1,11,110
KOSPI200 Future,09:01:33.750,281.05,281.1,30,107
KOSPI200 Future,09:01:33.800,281.05,281.1,33,106
KOSPI200 Future,09:01:34.030,281.05,281.15,49,125
KOSPI200 Future,09:01:34.180,281.1,281.15,18,82
KOSPI200 Future,09:01:34.270,281.1,281.15,18,64
KOSPI200 Future,09:01:34.330,281.1,281.15,18,18
KOSPI200 Future,09:01:34.360,281.1,281.15,17,18
KOSPI200 Future,09:01:34.380,281.1,281.2,17,97
KOSPI200 Future,09:01:34.530,281.15,281.2,29,83
KOSPI200 Future,09:01:34.530,281.15,281.2,29,82
KOSPI200 Future,09:01:34.570,281.15,281.2,28,82
KOSPI200 Future,09:01:34.730,281.15,281.2,30,81
KOSPI200 Future,09:01:34.740,281.15,281.2,30,80
KOSPI200 Future,09:01:34.890,281.15,281.2,31,80
KOSPI200 Future,09:01:34.900,281.15,281.2,30,80
KOSPI200 Future,09:01:34.930,281.15,281.2,30,79
KOSPI200 Future,09:01:35.020,281.15,281.2,29,79
KOSPI200 Future,09:01:35.040,281.15,281.2,28,79
KOSPI200 Future,09:01:35.160,281.15,281.2,26,79
KOSPI200 Future,09:01:35.220,281.15,281.2,26,78
KOSPI200 Future,09:01:35.240,281.15,281.2,27,77
KOSPI200 Future,09:01:35.380,281.15,281.2,27,76
KOSPI200 Future,09:01:35.720,281.15,281.2,38,75
KOSPI200 Future,09:01:35.860,281.15,281.2,40,76
KOSPI200 Future,09:01:36.150,281.15,281.2,44,105
KOSPI200 Future,09:01:36.240,281.15,281.2,28,96
KOSPI200 Future,09:01:36.320,281.15,281.2,24,40
KOSPI200 Future,09:01:36.360,281.15,281.2,14,40
KOSPI200 Future,09:01:36.380,281.15,281.2,14,39
KOSPI200 Future,09:01:36.390,281.15,281.2,14,39
KOSPI200 Future,09:01:36.540,281.2,281.25,18,78
KOSPI200 Future,09:01:36.590,281.2,281.25,40,78
KOSPI200 Future,09:01:36.640,281.2,281.25,37,66
KOSPI200 Future,09:01:36.790,281.2,281.25,37,66
KOSPI200 Future,09:01:37.280,281.2,281.25,41,65
KOSPI200 Future,09:01:37.370,281.2,281.25,46,64
KOSPI200 Future,09:01:37.400,281.2,281.25,46,63
KOSPI200 Future,09:01:37.500,281.2,281.25,46,15
KOSPI200 Future,09:01:37.540,281.2,281.25,46,11
KOSPI200 Future,09:01:37.580,281.2,281.25,52,7
KOSPI200 Future,09:01:37.590,281.25,281.3,2,113
KOSPI200 Future,09:01:37.620,281.25,281.3,20,112
KOSPI200 Future,09:01:37.640,281.25,281.3,20,111
KOSPI200 Future,09:01:37.660,281.25,281.3,20,110
KOSPI200 Future,09:01:37.670,281.25,281.3,20,109
KOSPI200 Future,09:01:37.670,281.25,281.3,18,109
KOSPI200 Future,09:01:37.720,281.25,281.3,25,107
KOSPI200 Future,09:01:37.720,281.25,281.3,25,106
KOSPI200 Future,09:01:37.770,281.25,281.3,25,92
KOSPI200 Future,09:01:37.790,281.25,281.3,25,91
KOSPI200 Future,09:01:37.880,281.25,281.3,25,45
KOSPI200 Future,09:01:37.900,281.25,281.3,25,44
KOSPI200 Future,09:01:37.990,281.25,281.3,35,43
KOSPI200 Future,09:01:38.050,281.25,281.3,35,42
KOSPI200 Future,09:01:38.140,281.25,281.3,34,42
KOSPI200 Future,09:01:38.190,281.25,281.3,34,37
KOSPI200 Future,09:01:38.200,281.25,281.3,34,36
KOSPI200 Future,09:01:38.360,281.25,281.3,34,35
KOSPI200 Future,09:01:38.390,281.25,281.3,34,15
KOSPI200 Future,09:01:38.430,281.25,281.3,34,10
KOSPI200 Future,09:01:38.440,281.25,281.3,34,1
KOSPI200 Future,09:01:38.460,281.3,281.35,9,76
KOSPI200 Future,09:01:38.560,281.25,281.3,27,8
KOSPI200 Future,09:01:38.620,281.25,281.3,27,4
KOSPI200 Future,09:01:38.660,281.25,281.3,27,17
KOSPI200 Future,09:01:38.680,281.25,281.3,27,4
KOSPI200 Future,09:01:38.700,281.25,281.3,27,3
KOSPI200 Future,09:01:38.820,281.25,281.3,47,1
KOSPI200 Future,09:01:38.830,281.25,281.35,47,76
KOSPI200 Future,09:01:38.900,281.25,281.35,47,76
KOSPI200 Future,09:01:38.920,281.3,281.35,13,76
KOSPI200 Future,09:01:38.940,281.3,281.35,13,75
KOSPI200 Future,09:01:39.000,281.3,281.35,31,73
KOSPI200 Future,09:01:39.020,281.3,281.35,30,73
KOSPI200 Future,09:01:39.030,281.3,281.35,30,72
KOSPI200 Future,09:01:39.060,281.3,281.35,30,69
KOSPI200 Future,09:01:39.060,281.3,281.35,30,68
KOSPI200 Future,09:01:39.220,281.3,281.35,29,69
KOSPI200 Future,09:01:39.280,281.3,281.35,29,68
KOSPI200 Future,09:01:39.300,281.3,281.35,29,63
KOSPI200 Future,09:01:39.310,281.3,281.35,24,63
KOSPI200 Future,09:01:39.330,281.3,281.35,20,63
KOSPI200 Future,09:01:39.340,281.3,281.35,19,63
KOSPI200 Future,09:01:39.350,281.3,281.35,19,55
KOSPI200 Future,09:01:39.370,281.3,281.35,19,47
KOSPI200 Future,09:01:39.390,281.3,281.35,18,46
KOSPI200 Future,09:01:39.420,281.3,281.35,18,37
KOSPI200 Future,09:01:39.560,281.3,281.35,14,37
KOSPI200 Future,09:01:39.610,281.3,281.35,17,37
KOSPI200 Future,09:01:39.710,281.3,281.35,17,37
KOSPI200 Future,09:01:39.820,281.3,281.35,17,33
KOSPI200 Future,09:01:39.830,281.3,281.35,17,30
KOSPI200 Future,09:01:39.980,281.3,281.35,15,30
KOSPI200 Future,09:01:40.090,281.3,281.35,17,30
KOSPI200 Future,09:01:40.440,281.3,281.35,17,43
KOSPI200 Future,09:01:40.530,281.3,281.35,17,44
KOSPI200 Future,09:01:40.750,281.3,281.35,18,44
KOSPI200 Future,09:01:40.760,281.3,281.35,18,43
KOSPI200 Future,09:01:40.870,281.3,281.35,35,42
KOSPI200 Future,09:01:41.050,281.3,281.35,28,43
KOSPI200 Future,09:01:41.350,281.3,281.35,36,48
KOSPI200 Future,09:01:41.400,281.3,281.35,26,45
KOSPI200 Future,09:01:41.480,281.3,281.35,35,45
KOSPI200 Future,09:01:41.530,281.3,281.35,34,46
KOSPI200 Future,09:01:41.580,281.3,281.35,31,45
KOSPI200 Future,09:01:41.630,281.3,281.35,31,46
KOSPI200 Future,09:01:41.650,281.3,281.35,40,46
KOSPI200 Future,09:01:41.770,281.3,281.35,32,47
KOSPI200 Future,09:01:41.820,281.3,281.35,32,46
KOSPI200 Future,09:01:41.880,281.3,281.35,50,46
KOSPI200 Future,09:01:42.260,281.3,281.35,45,54
KOSPI200 Future,09:01:42.300,281.3,281.35,44,54
KOSPI200 Future,09:01:42.370,281.3,281.35,43,55
KOSPI200 Future,09:01:42.480,281.3,281.35,43,54
KOSPI200 Future,09:01:42.520,281.3,281.35,42,56
KOSPI200 Future,09:01:42.650,281.3,281.35,41,58
KOSPI200 Future,09:01:43.290,281.3,281.35,41,65
KOSPI200 Future,09:01:43.470,281.3,281.35,41,65
KOSPI200 Future,09:01:43.880,281.3,281.35,31,75
KOSPI200 Future,09:01:43.930,281.25,281.35,60,77
KOSPI200 Future,09:01:44.110,281.25,281.3,41,5
KOSPI200 Future,09:01:44.220,281.25,281.3,29,3
KOSPI200 Future,09:01:44.260,281.25,281.35,30,94
KOSPI200 Future,09:01:44.300,281.25,281.35,30,93
KOSPI200 Future,09:01:44.390,281.25,281.35,29,91
KOSPI200 Future,09:01:44.500,281.25,281.35,28,91
KOSPI200 Future,09:01:44.640,281.25,281.35,28,91
KOSPI200 Future,09:01:44.670,281.25,281.35,28,91
KOSPI200 Future,09:01:44.680,281.25,281.3,28,7
KOSPI200 Future,09:01:44.850,281.25,281.3,50,6
KOSPI200 Future,09:01:45.870,281.25,281.3,43,18
KOSPI200 Future,09:01:46.080,281.25,281.3,43,29
KOSPI200 Future,09:01:46.170,281.25,281.3,43,20
KOSPI200 Future,09:01:46.270,281.25,281.3,52,21
KOSPI200 Future,09:01:46.410,281.25,281.3,32,23
KOSPI200 Future,09:01:46.430,281.25,281.3,24,23
KOSPI200 Future,09:01:46.440,281.25,281.3,23,23
KOSPI200 Future,09:01:46.670,281.25,281.3,13,57
KOSPI200 Future,09:01:46.690,281.25,281.3,12,57
KOSPI200 Future,09:01:46.700,281.25,281.3,11,57
KOSPI200 Future,09:01:46.710,281.25,281.3,11,56
KOSPI200 Future,09:01:46.720,281.25,281.3,11,55
KOSPI200 Future,09:01:46.750,281.25,281.3,10,55
KOSPI200 Future,09:01:46.800,281.25,281.3,4,57
KOSPI200 Future,09:01:46.810,281.25,281.3,3,57
KOSPI200 Future,09:01:46.860,281.25,281.3,3,57
KOSPI200 Future,09:01:46.940,281.2,281.25,70,9
KOSPI200 Future,09:01:46.960,281.2,281.25,70,8
KOSPI200 Future,09:01:47.080,281.2,281.25,58,7
KOSPI200 Future,09:01:47.160,281.2,281.25,58,4
KOSPI200 Future,09:01:47.310,281.2,281.25,58,5
KOSPI200 Future,09:01:47.350,281.2,281.25,58,4
KOSPI200 Future,09:01:47.790,281.2,281.25,69,10
KOSPI200 Future,09:01:48.140,281.2,281.25,57,10
KOSPI200 Future,09:01:48.300,281.2,281.25,57,4
KOSPI200 Future,09:01:48.570,281.2,281.25,69,26
KOSPI200 Future,09:01:48.590,281.2,281.25,69,24
KOSPI200 Future,09:01:48.630,281.2,281.25,69,23
KOSPI200 Future,09:01:48.690,281.2,281.25,69,17
KOSPI200 Future,09:01:48.750,281.2,281.25,69,12
KOSPI200 Future,09:01:48.780,281.2,281.25,69,9
KOSPI200 Future,09:01:48.830,281.2,281.25,69,10
KOSPI200 Future,09:01:48.870,281.2,281.25,69,9
KOSPI200 Future,09:01:48.910,281.2,281.25,69,7
KOSPI200 Future,09:01:48.940,281.2,281.25,69,4
KOSPI200 Future,09:01:49.020,281.2,281.25,69,1
KOSPI200 Future,09:01:49.030,281.2,281.25,69,1
KOSPI200 Future,09:01:49.030,281.2,281.3,69,73
KOSPI200 Future,09:01:49.050,281.2,281.3,69,69
KOSPI200 Future,09:01:49.060,281.2,281.3,69,65
KOSPI200 Future,09:01:49.100,281.2,281.3,69,61
KOSPI200 Future,09:01:49.130,281.2,281.3,69,59
KOSPI200 Future,09:01:49.470,281.25,281.3,38,39
KOSPI200 Future,09:01:49.650,281.25,281.3,55,39
KOSPI200 Future,09:01:50.290,281.25,281.3,45,45
KOSPI200 Future,09:01:50.440,281.25,281.3,45,60
KOSPI200 Future,09:01:51.130,281.25,281.3,120,62
KOSPI200 Future,09:01:51.220,281.25,281.3,108,63
KOSPI200 Future,09:01:51.270,281.25,281.3,99,62
KOSPI200 Future,09:01:51.900,281.25,281.3,111,53
KOSPI200 Future,09:01:52.240,281.25,281.3,112,57
KOSPI200 Future,09:01:52.370,281.25,281.3,112,60
KOSPI200 Future,09:01:52.500,281.25,281.3,111,60
KOSPI200 Future,09:01:52.640,281.25,281.3,111,59
KOSPI200 Future,09:01:52.730,281.25,281.3,111,59
KOSPI200 Future,09:01:53.540,281.25,281.3,95,58
KOSPI200 Future,09:01:53.840,281.25,281.3,94,58
KOSPI200 Future,09:01:54.590,281.25,281.3,94,59
KOSPI200 Future,09:01:54.830,281.25,281.3,93,60
KOSPI200 Future,09:01:54.990,281.25,281.3,93,61
KOSPI200 Future,09:01:55.180,281.25,281.3,91,61
KOSPI200 Future,09:01:55.230,281.25,281.3,81,60
KOSPI200 Future,09:01:55.670,281.25,281.3,83,52
KOSPI200 Future,09:01:56.090,281.25,281.3,92,54
KOSPI200 Future,09:01:56.250,281.25,281.3,92,50
KOSPI200 Future,09:01:56.370,281.25,281.3,91,50
KOSPI200 Future,09:01:56.430,281.3,281.35,23,115
KOSPI200 Future,09:01:56.500,281.3,281.35,3,106
KOSPI200 Future,09:01:56.530,281.3,281.35,1,104
KOSPI200 Future,09:01:56.540,281.3,281.35,3,104
KOSPI200 Future,09:01:56.570,281.25,281.35,114,104
KOSPI200 Future,09:01:56.600,281.25,281.3,114,2
KOSPI200 Future,09:01:56.650,281.25,281.3,105,3
KOSPI200 Future,09:01:56.690,281.25,281.3,93,18
KOSPI200 Future,09:01:56.930,281.25,281.3,93,17
KOSPI200 Future,09:01:57.190,281.25,281.3,91,23
KOSPI200 Future,09:01:57.350,281.25,281.3,94,42
KOSPI200 Future,09:01:57.430,281.25,281.3,94,41
KOSPI200 Future,09:01:57.450,281.25,281.3,94,39
KOSPI200 Future,09:01:57.490,281.25,281.3,94,35
KOSPI200 Future,09:01:57.510,281.25,281.3,94,50
KOSPI200 Future,09:01:57.630,281.25,281.3,94,49
KOSPI200 Future,09:01:57.950,281.25,281.3,94,55
KOSPI200 Future,09:01:58.010,281.25,281.3,93,56
KOSPI200 Future,09:01:58.280,281.25,281.3,95,51
KOSPI200 Future,09:01:58.510,281.25,281.3,101,76
KOSPI200 Future,09:01:58.530,281.25,281.3,103,75
KOSPI200 Future,09:02:00.000,281.25,281.3,109,82
KOSPI200 Future,09:02:00.030,281.25,281.3,109,81
KOSPI200 Future,09:02:00.140,281.25,281.3,109,71
KOSPI200 Future,09:02:00.170,281.25,281.3,109,70
KOSPI200 Future,09:02:00.210,281.25,281.3,109,69
KOSPI200 Future,09:02:00.240,281.25,281.3,108,69
KOSPI200 Future,09:02:00.250,281.25,281.3,107,69
KOSPI200 Future,09:02:00.260,281.25,281.3,107,68
KOSPI200 Future,09:02:00.280,281.25,281.3,107,64
KOSPI200 Future,09:02:00.310,281.25,281.3,106,64
KOSPI200 Future,09:02:00.320,281.25,281.3,106,63
KOSPI200 Future,09:02:00.340,281.25,281.3,106,62
KOSPI200 Future,09:02:00.420,281.25,281.3,104,62
KOSPI200 Future,09:02:00.460,281.25,281.3,92,65
KOSPI200 Future,09:02:00.480,281.25,281.3,92,64
KOSPI200 Future,09:02:00.520,281.25,281.3,82,63
KOSPI200 Future,09:02:00.530,281.25,281.3,79,63
KOSPI200 Future,09:02:00.550,281.25,281.3,86,63
KOSPI200 Future,09:02:00.620,281.25,281.3,76,63
KOSPI200 Future,09:02:00.630,281.25,281.3,73,63
KOSPI200 Future,09:02:00.680,281.25,281.3,83,57
KOSPI200 Future,09:02:00.710,281.25,281.3,73,56
KOSPI200 Future,09:02:00.760,281.25,281.3,71,56
KOSPI200 Future,09:02:00.930,281.25,281.3,66,59
KOSPI200 Future,09:02:01.040,281.25,281.3,66,59
KOSPI200 Future,09:02:01.060,281.25,281.3,65,59
KOSPI200 Future,09:02:01.220,281.25,281.3,65,57
KOSPI200 Future,09:02:01.270,281.25,281.3,63,58
KOSPI200 Future,09:02:01.310,281.25,281.3,67,57
KOSPI200 Future,09:02:01.390,281.25,281.3,67,53
KOSPI200 Future,09:02:01.400,281.25,281.3,66,53
KOSPI200 Future,09:02:01.420,281.25,281.3,60,53
KOSPI200 Future,09:02:01.720,281.25,281.3,59,54
KOSPI200 Future,09:02:01.770,281.25,281.3,58,54
KOSPI200 Future,09:02:01.870,281.25,281.3,56,54
KOSPI200 Future,09:02:02.090,281.25,281.3,54,55
KOSPI200 Future,09:02:02.120,281.25,281.3,54,52
KOSPI200 Future,09:02:03.080,281.25,281.3,63,65
KOSPI200 Future,09:02:03.360,281.25,281.3,53,69
KOSPI200 Future,09:02:03.380,281.25,281.3,53,36
KOSPI200 Future,09:02:03.440,281.25,281.3,63,35
KOSPI200 Future,09:02:03.450,281.25,281.3,63,34
KOSPI200 Future,09:02:03.470,281.25,281.3,63,34
KOSPI200 Future,09:02:03.510,281.25,281.35,62,117
KOSPI200 Future,09:02:03.570,281.3,281.35,4,117
KOSPI200 Future,09:02:03.620,281.3,281.35,3,108
KOSPI200 Future,09:02:03.640,281.3,281.35,2,108
KOSPI200 Future,09:02:03.690,281.25,281.3,83,3
KOSPI200 Future,09:02:03.760,281.25,281.35,83,98
KOSPI200 Future,09:02:03.830,281.25,281.35,82,96
KOSPI200 Future,09:02:04.000,281.25,281.3,82,2
KOSPI200 Future,09:02:04.140,281.25,281.3,86,1
KOSPI200 Future,09:02:04.160,281.25,281.35,86,96
KOSPI200 Future,09:02:04.210,281.25,281.35,85,96
KOSPI200 Future,09:02:04.300,281.25,281.35,85,96
KOSPI200 Future,09:02:04.320,281.25,281.3,85,8
KOSPI200 Future,09:02:04.390,281.25,281.3,86,7
KOSPI200 Future,09:02:04.700,281.25,281.3,87,10
KOSPI200 Future,09:02:04.910,281.25,281.3,88,9
KOSPI200 Future,09:02:05.200,281.25,281.3,88,7
KOSPI200 Future,09:02:05.210,281.25,281.3,88,5
KOSPI200 Future,09:02:05.220,281.25,281.3,88,3
KOSPI200 Future,09:02:05.240,281.25,281.3,88,1
KOSPI200 Future,09:02:05.270,281.25,281.3,88,4
KOSPI200 Future,09:02:05.300,281.25,281.3,88,2
KOSPI200 Future,09:02:05.310,281.25,281.35,88,98
KOSPI200 Future,09:02:05.730,281.3,281.35,3,96
KOSPI200 Future,09:02:05.770,281.3,281.35,2,96
KOSPI200 Future,09:02:05.830,281.25,281.3,94,7
KOSPI200 Future,09:02:05.880,281.3,281.35,3,98
KOSPI200 Future,09:02:05.890,281.3,281.35,2,98
KOSPI200 Future,09:02:05.910,281.3,281.35,1,98
KOSPI200 Future,09:02:06.550,281.3,281.35,33,85
KOSPI200 Future,09:02:06.560,281.3,281.35,13,85
KOSPI200 Future,09:02:06.570,281.3,281.35,12,85
KOSPI200 Future,09:02:06.800,281.3,281.35,11,70
KOSPI200 Future,09:02:06.830,281.3,281.35,9,70
KOSPI200 Future,09:02:06.840,281.3,281.35,4,70
KOSPI200 Future,09:02:06.860,281.3,281.35,4,68
KOSPI200 Future,09:02:06.870,281.3,281.35,2,68
KOSPI200 Future,09:02:06.890,281.3,281.35,2,68
KOSPI200 Future,09:02:06.890,281.25,281.35,111,68
KOSPI200 Future,09:02:06.910,281.25,281.35,111,67
KOSPI200 Future,09:02:06.990,281.25,281.35,111,67
KOSPI200 Future,09:02:07.090,281.3,281.35,5,66
KOSPI200 Future,09:02:07.100,281.3,281.35,5,66
KOSPI200 Future,09:02:07.160,281.3,281.35,5,66
KOSPI200 Future,09:02:07.180,281.3,281.35,5,65
KOSPI200 Future,09:02:07.220,281.3,281.35,15,64
KOSPI200 Future,09:02:07.310,281.3,281.35,22,65
KOSPI200 Future,09:02:08.240,281.3,281.35,40,65
KOSPI200 Future,09:02:08.240,281.3,281.35,40,64
KOSPI200 Future,09:02:08.420,281.3,281.35,40,94
KOSPI200 Future,09:02:08.600,281.3,281.35,40,94
KOSPI200 Future,09:02:08.810,281.3,281.35,41,94
KOSPI200 Future,09:02:08.880,281.3,281.35,41,93
KOSPI200 Future,09:02:09.010,281.3,281.35,44,92
KOSPI200 Future,09:02:09.790,281.3,281.35,54,91
KOSPI200 Future,09:02:09.870,281.3,281.35,58,91
KOSPI200 Future,09:02:09.890,281.3,281.35,58,90
KOSPI200 Future,09:02:10.290,281.3,281.35,54,89
KOSPI200 Future,09:02:10.450,281.3,281.35,55,54
KOSPI200 Future,09:02:10.500,281.3,281.35,55,47
KOSPI200 Future,09:02:10.540,281.3,281.35,55,37
KOSPI200 Future,09:02:10.560,281.3,281.35,55,29
KOSPI200 Future,09:02:10.600,281.3,281.35,52,26
KOSPI200 Future,09:02:10.620,281.3,281.35,52,21
KOSPI200 Future,09:02:10.620,281.3,281.35,39,21
KOSPI200 Future,09:02:10.670,281.3,281.35,39,7
KOSPI200 Future,09:02:10.750,281.3,281.35,39,2
KOSPI200 Future,09:02:10.760,281.35,281.4,4,101
KOSPI200 Future,09:02:10.860,281.35,281.4,21,97
KOSPI200 Future,09:02:10.880,281.35,281.4,20,97
KOSPI200 Future,09:02:10.890,281.35,281.4,18,97
KOSPI200 Future,09:02:10.910,281.35,281.4,13,97
KOSPI200 Future,09:02:10.930,281.35,281.4,10,97
KOSPI200 Future,09:02:10.940,281.35,281.4,8,97
KOSPI200 Future,09:02:10.950,281.35,281.4,7,97
KOSPI200 Future,09:02:10.970,281.3,281.35,49,4
KOSPI200 Future,09:02:11.040,281.3,281.35,61,10
KOSPI200 Future,09:02:11.080,281.3,281.35,55,15
KOSPI200 Future,09:02:11.210,281.3,281.35,43,26
KOSPI200 Future,09:02:11.230,281.3,281.35,41,26
KOSPI200 Future,09:02:11.700,281.3,281.35,24,43
KOSPI200 Future,09:02:11.710,281.3,281.35,22,43
KOSPI200 Future,09:02:11.720,281.3,281.35,20,43
KOSPI200 Future,09:02:11.800,281.3,281.35,20,46
KOSPI200 Future,09:02:11.810,281.3,281.35,20,42
KOSPI200 Future,09:02:12.040,281.3,281.35,19,42
KOSPI200 Future,09:02:12.080,281.3,281.35,19,41
KOSPI200 Future,09:02:12.520,281.3,281.35,20,85
KOSPI200 Future,09:02:12.530,281.3,281.35,20,83
KOSPI200 Future,09:02:12.790,281.3,281.35,1,84
KOSPI200 Future,09:02:12.830,281.25,281.3,133,4
KOSPI200 Future,09:02:12.870,281.25,281.3,133,21
KOSPI200 Future,09:02:12.950,281.25,281.3,124,24
KOSPI200 Future,09:02:12.950,281.25,281.3,124,22
KOSPI200 Future,09:02:12.960,281.25,281.3,124,21
KOSPI200 Future,09:02:13.000,281.25,281.3,122,16
KOSPI200 Future,09:02:13.220,281.25,281.3,110,31
KOSPI200 Future,09:02:13.300,281.25,281.3,110,34
KOSPI200 Future,09:02:13.810,281.25,281.3,110,40
KOSPI200 Future,09:02:13.900,281.25,281.3,110,40
KOSPI200 Future,09:02:13.920,281.25,281.3,110,38
KOSPI200 Future,09:02:16.380,281.25,281.3,115,81
KOSPI200 Future,09:02:16.400,281.25,281.3,115,80
KOSPI200 Future,09:02:16.640,281.25,281.3,118,71
KOSPI200 Future,09:02:16.830,281.25,281.3,118,80
KOSPI200 Future,09:02:17.390,281.25,281.3,118,79
KOSPI200 Future,09:02:18.350,281.25,281.3,122,88
KOSPI200 Future,09:02:18.460,281.25,281.3,122,64
KOSPI200 Future,09:02:18.530,281.25,281.3,122,57
KOSPI200 Future,09:02:18.550,281.25,281.3,122,56
KOSPI200 Future,09:02:18.670,281.25,281.3,122,55
KOSPI200 Future,09:02:18.770,281.25,281.3,122,56
KOSPI200 Future,09:02:18.790,281.25,281.3,122,51
KOSPI200 Future,09:02:18.910,281.25,281.3,122,50
KOSPI200 Future,09:02:18.960,281.25,281.3,122,50
KOSPI200 Future,09:02:19.200,281.25,281.3,122,50
KOSPI200 Future,09:02:19.300,281.25,281.3,121,52
KOSPI200 Future,09:02:19.440,281.25,281.3,120,51
KOSPI200 Future,09:02:19.510,281.25,281.3,120,50
KOSPI200 Future,09:02:20.560,281.25,281.3,124,73
KOSPI200 Future,09:02:20.790,281.25,281.3,124,67
KOSPI200 Future,09:02:22.090,281.25,281.3,126,81
KOSPI200 Future,09:02:22.450,281.25,281.3,106,79
KOSPI200 Future,09:02:22.950,281.25,281.3,106,79
KOSPI200 Future,09:02:23.160,281.25,281.3,105,79
KOSPI200 Future,09:02:23.440,281.25,281.3,105,76
KOSPI200 Future,09:02:23.470,281.25,281.3,104,76
KOSPI200 Future,09:02:24.110,281.25,281.3,104,78
KOSPI200 Future,09:02:24.130,281.25,281.3,104,76
KOSPI200 Future,09:02:24.130,281.25,281.3,104,74
KOSPI200 Future,09:02:24.140,281.25,281.3,104,72
KOSPI200 Future,09:02:24.200,281.25,281.3,103,72
KOSPI200 Future,09:02:24.620,281.25,281.3,104,73
KOSPI200 Future,09:02:25.790,281.25,281.3,103,78
KOSPI200 Future,09:02:26.180,281.25,281.3,103,75
KOSPI200 Future,09:02:27.520,281.25,281.3,105,87
KOSPI200 Future,09:02:28.240,281.25,281.3,104,87
KOSPI200 Future,09:02:28.440,281.25,281.3,104,65
KOSPI200 Future,09:02:28.480,281.25,281.3,104,63
KOSPI200 Future,09:02:28.520,281.25,281.3,104,61
KOSPI200 Future,09:02:28.530,281.25,281.3,104,60
KOSPI200 Future,09:02:28.820,281.25,281.3,106,58
KOSPI200 Future,09:02:28.830,281.25,281.3,106,52
KOSPI200 Future,09:02:28.860,281.25,281.3,106,48
KOSPI200 Future,09:02:28.900,281.25,281.3,106,47
KOSPI200 Future,09:02:28.940,281.25,281.3,106,45
KOSPI200 Future,09:02:28.970,281.25,281.3,106,42
KOSPI200 Future,09:02:29.010,281.25,281.3,106,39
KOSPI200 Future,09:02:29.050,281.25,281.3,106,37
KOSPI200 Future,09:02:29.060,281.3,281.35,2,94
KOSPI200 Future,09:02:29.190,281.3,281.35,29,83
KOSPI200 Future,09:02:29.210,281.3,281.35,29,82
KOSPI200 Future,09:02:29.220,281.3,281.35,29,78
KOSPI200 Future,09:02:29.220,281.3,281.35,27,78
KOSPI200 Future,09:02:29.230,281.3,281.35,25,78
KOSPI200 Future,09:02:29.260,281.3,281.35,25,74
KOSPI200 Future,09:02:29.270,281.3,281.35,25,72
KOSPI200 Future,09:02:29.280,281.3,281.35,25,70
KOSPI200 Future,09:02:29.310,281.3,281.35,31,68
KOSPI200 Future,09:02:29.320,281.3,281.35,31,64
KOSPI200 Future,09:02:29.340,281.3,281.35,21,52
KOSPI200 Future,09:02:29.500,281.3,281.35,20,52
KOSPI200 Future,09:02:29.610,281.3,281.35,18,52
KOSPI200 Future,09:02:30.470,281.3,281.35,43,87
KOSPI200 Future,09:02:30.550,281.3,281.35,40,86
KOSPI200 Future,09:02:30.800,281.3,281.35,41,86
KOSPI200 Future,09:02:31.550,281.3,281.35,43,90
KOSPI200 Future,09:02:31.620,281.3,281.35,41,90
KOSPI200 Future,09:02:31.720,281.3,281.35,41,89
KOSPI200 Future,09:02:31.740,281.3,281.35,39,89
KOSPI200 Future,09:02:33.140,281.3,281.35,48,59
KOSPI200 Future,09:02:33.350,281.3,281.35,49,58
KOSPI200 Future,09:02:33.460,281.3,281.35,49,57
KOSPI200 Future,09:02:33.480,281.3,281.35,49,54
KOSPI200 Future,09:02:33.510,281.3,281.35,49,48
KOSPI200 Future,09:02:33.540,281.3,281.35,47,46
KOSPI200 Future,09:02:33.560,281.3,281.35,47,44
KOSPI200 Future,09:02:33.610,281.3,281.35,45,42
KOSPI200 Future,09:02:33.620,281.3,281.35,44,41
KOSPI200 Future,09:02:33.630,281.3,281.35,43,40
KOSPI200 Future,09:02:33.670,281.3,281.35,43,36
KOSPI200 Future,09:02:33.700,281.3,281.35,43,33
KOSPI200 Future,09:02:34.720,281.3,281.35,63,72
KOSPI200 Future,09:02:36.260,281.3,281.35,68,84
KOSPI200 Future,09:02:36.540,281.3,281.35,64,54
KOSPI200 Future,09:02:36.750,281.3,281.35,68,53
KOSPI200 Future,09:02:37.650,281.3,281.35,67,54
KOSPI200 Future,09:02:39.850,281.3,281.35,78,85
KOSPI200 Future,09:02:40.080,281.3,281.35,78,52
KOSPI200 Future,09:02:40.320,281.3,281.35,78,52
KOSPI200 Future,09:02:40.400,281.35,281.4,27,97
KOSPI200 Future,09:02:40.430,281.35,281.4,26,97
KOSPI200 Future,09:02:40.550,281.35,281.4,27,96
KOSPI200 Future,09:02:40.580,281.35,281.4,7,84
KOSPI200 Future,09:02:40.640,281.35,281.4,7,84
KOSPI200 Future,09:02:40.700,281.35,281.4,6,84
KOSPI200 Future,09:02:40.750,281.35,281.4,5,84
KOSPI200 Future,09:02:40.860,281.3,281.4,110,84
KOSPI200 Future,09:02:41.050,281.3,281.35,95,8
KOSPI200 Future,09:02:41.200,281.3,281.35,87,17
KOSPI200 Future,09:02:41.260,281.3,281.35,77,32
KOSPI200 Future,09:02:41.280,281.3,281.35,77,17
KOSPI200 Future,09:02:41.320,281.3,281.4,75,87
KOSPI200 Future,09:02:41.730,281.3,281.35,80,5
KOSPI200 Future,09:02:41.750,281.35,281.4,15,85
KOSPI200 Future,09:02:42.060,281.35,281.4,62,85
KOSPI200 Future,09:02:42.190,281.35,281.4,61,85
KOSPI200 Future,09:02:42.820,281.35,281.4,62,69
KOSPI200 Future,09:02:43.430,281.35,281.4,63,34
KOSPI200 Future,09:02:43.500,281.35,281.4,58,32
KOSPI200 Future,09:02:43.550,281.35,281.45,58,95
KOSPI200 Future,09:02:43.690,281.4,281.45,30,90
KOSPI200 Future,09:02:43.700,281.4,281.45,29,90
KOSPI200 Future,09:02:43.710,281.4,281.45,27,90
KOSPI200 Future,09:02:43.750,281.4,281.45,27,85
KOSPI200 Future,09:02:43.760,281.4,281.45,26,85
KOSPI200 Future,09:02:43.800,281.4,281.45,24,85
KOSPI200 Future,09:02:43.940,281.4,281.45,66,58
KOSPI200 Future,09:02:43.990,281.4,281.45,66,57
KOSPI200 Future,09:02:44.080,281.4,281.45,68,54
KOSPI200 Future,09:02:44.190,281.4,281.45,67,54
KOSPI200 Future,09:02:44.200,281.4,281.45,66,54
KOSPI200 Future,09:02:44.200,281.4,281.45,66,53
KOSPI200 Future,09:02:44.340,281.4,281.45,66,52
KOSPI200 Future,09:02:44.430,281.4,281.45,67,52
KOSPI200 Future,09:02:44.440,281.4,281.45,67,48
KOSPI200 Future,09:02:44.460,281.4,281.45,67,45
KOSPI200 Future,09:02:44.480,281.4,281.45,67,41
KOSPI200 Future,09:02:44.580,281.4,281.45,72,39
KOSPI200 Future,09:02:44.630,281.4,281.45,72,38
KOSPI200 Future,09:02:44.740,281.4,281.45,74,39
KOSPI200 Future,09:02:44.830,281.4,281.45,74,34
KOSPI200 Future,09:02:44.860,281.4,281.45,75,32
KOSPI200 Future,09:02:44.940,281.4,281.45,76,36
KOSPI200 Future,09:02:45.040,281.4,281.45,76,34
KOSPI200 Future,09:02:45.060,281.4,281.45,76,33
KOSPI200 Future,09:02:45.080,281.4,281.45,76,32
KOSPI200 Future,09:02:45.120,281.4,281.45,77,31
KOSPI200 Future,09:02:45.140,281.4,281.45,77,21
KOSPI200 Future,09:02:45.180,281.4,281.45,77,12
KOSPI200 Future,09:02:45.190,281.4,281.45,77,6
KOSPI200 Future,09:02:45.220,281.4,281.45,77,2
KOSPI200 Future,09:02:45.240,281.4,281.45,77,1
KOSPI200 Future,09:02:45.260,281.45,281.5,4,174
KOSPI200 Future,09:02:45.280,281.45,281.5,3,174
KOSPI200 Future,09:02:45.320,281.45,281.5,5,172
KOSPI200 Future,09:02:45.330,281.45,281.5,3,172
KOSPI200 Future,09:02:45.350,281.45,281.5,3,172
KOSPI200 Future,09:02:45.370,281.45,281.5,6,171
KOSPI200 Future,09:02:45.380,281.45,281.5,6,161
KOSPI200 Future,09:02:45.430,281.45,281.5,5,149
KOSPI200 Future,09:02:45.440,281.45,281.5,4,149
KOSPI200 Future,09:02:45.440,281.4,281.45,95,1
KOSPI200 Future,09:02:45.450,281.4,281.45,95,1
KOSPI200 Future,09:02:45.450,281.4,281.5,95,143
KOSPI200 Future,09:02:45.490,281.4,281.5,98,141
KOSPI200 Future,09:02:45.510,281.4,281.45,98,1
KOSPI200 Future,09:02:45.530,281.4,281.45,98,1
KOSPI200 Future,09:02:45.530,281.4,281.5,98,139
KOSPI200 Future,09:02:45.560,281.45,281.5,3,141
KOSPI200 Future,09:02:45.590,281.45,281.5,8,141
KOSPI200 Future,09:02:45.600,281.4,281.45,98,1
KOSPI200 Future,09:02:45.610,281.4,281.45,98,1
KOSPI200 Future,09:02:45.620,281.4,281.5,98,141
KOSPI200 Future,09:02:45.630,281.4,281.5,98,141
KOSPI200 Future,09:02:45.640,281.4,281.5,96,141
KOSPI200 Future,09:02:45.690,281.45,281.5,5,142
KOSPI200 Future,09:02:45.720,281.45,281.5,5,141
KOSPI200 Future,09:02:45.720,281.45,281.5,5,140
KOSPI200 Future,09:02:45.740,281.45,281.5,8,138
KOSPI200 Future,09:02:45.780,281.45,281.5,12,138
KOSPI200 Future,09:02:45.790,281.45,281.5,11,138
KOSPI200 Future,09:02:45.820,281.45,281.5,12,137
KOSPI200 Future,09:02:45.840,281.45,281.5,14,137
KOSPI200 Future,09:02:45.860,281.45,281.5,14,137
KOSPI200 Future,09:02:45.890,281.45,281.5,1,136
KOSPI200 Future,09:02:45.940,281.45,281.5,9,133
KOSPI200 Future,09:02:45.950,281.45,281.5,4,133
KOSPI200 Future,09:02:45.980,281.45,281.5,3,132
KOSPI200 Future,09:02:46.000,281.45,281.5,2,132
KOSPI200 Future,09:02:46.040,281.45,281.5,2,133
KOSPI200 Future,09:02:46.090,281.45,281.5,3,132
KOSPI200 Future,09:02:46.100,281.4,281.45,97,7
KOSPI200 Future,09:02:46.130,281.4,281.45,96,7
KOSPI200 Future,09:02:46.170,281.4,281.45,96,21
KOSPI200 Future,09:02:46.170,281.4,281.45,96,19
KOSPI200 Future,09:02:46.180,281.4,281.45,96,9
KOSPI200 Future,09:02:46.240,281.4,281.45,98,5
KOSPI200 Future,09:02:46.240,281.4,281.45,98,4
KOSPI200 Future,09:02:46.270,281.4,281.45,98,3
KOSPI200 Future,09:02:46.390,281.4,281.45,111,2
KOSPI200 Future,09:02:46.400,281.4,281.45,111,2
KOSPI200 Future,09:02:46.460,281.4,281.45,111,2
KOSPI200 Future,09:02:46.460,281.4,281.5,111,118
KOSPI200 Future,09:02:46.530,281.45,281.5,17,108
KOSPI200 Future,09:02:46.570,281.45,281.5,46,108
KOSPI200 Future,09:02:46.600,281.45,281.5,52,91
KOSPI200 Future,09:02:46.630,281.45,281.5,49,83
KOSPI200 Future,09:02:46.680,281.45,281.5,50,80
KOSPI200 Future,09:02:46.680,281.45,281.5,50,75
KOSPI200 Future,09:02:46.750,281.45,281.5,49,81
KOSPI200 Future,09:02:46.830,281.45,281.5,31,84
KOSPI200 Future,09:02:46.850,281.45,281.5,31,84
KOSPI200 Future,09:02:46.850,281.45,281.5,27,84
KOSPI200 Future,09:02:46.910,281.45,281.5,42,87
KOSPI200 Future,09:02:46.940,281.45,281.5,30,87
KOSPI200 Future,09:02:46.970,281.45,281.5,28,87
KOSPI200 Future,09:02:47.040,281.45,281.5,29,87
KOSPI200 Future,09:02:47.140,281.45,281.5,28,87
KOSPI200 Future,09:02:47.160,281.45,281.5,27,87
KOSPI200 Future,09:02:47.170,281.45,281.5,26,87
KOSPI200 Future,09:02:47.740,281.45,281.5,85,93
KOSPI200 Future,09:02:47.780,281.45,281.5,100,93
KOSPI200 Future,09:02:48.060,281.45,281.5,100,97
KOSPI200 Future,09:02:48.270,281.45,281.5,84,97
KOSPI200 Future,09:02:48.560,281.45,281.5,94,98
KOSPI200 Future,09:02:49.090,281.45,281.5,68,98
KOSPI200 Future,09:02:49.160,281.45,281.5,84,97
KOSPI200 Future,09:02:49.190,281.45,281.5,83,97
KOSPI200 Future,09:02:49.300,281.45,281.5,67,87
KOSPI200 Future,09:02:49.350,281.45,281.5,83,77
KOSPI200 Future,09:02:49.770,281.45,281.5,84,76
KOSPI200 Future,09:02:50.650,281.45,281.5,87,102
KOSPI200 Future,09:02:50.750,281.45,281.5,87,106
KOSPI200 Future,09:02:50.820,281.45,281.5,87,105
KOSPI200 Future,09:02:50.860,281.45,281.5,87,104
KOSPI200 Future,09:02:50.900,281.45,281.5,87,103
KOSPI200 Future,09:02:51.950,281.45,281.5,93,105
KOSPI200 Future,09:02:52.080,281.45,281.5,77,103
KOSPI200 Future,09:02:52.120,281.45,281.5,77,70
KOSPI200 Future,09:02:52.230,281.45,281.5,77,71
KOSPI200 Future,09:02:52.450,281.45,281.5,77,76
KOSPI200 Future,09:02:52.630,281.45,281.5,77,60
KOSPI200 Future,09:02:52.710,281.45,281.5,76,60
KOSPI200 Future,09:02:52.740,281.5,281.55,20,113
KOSPI200 Future,09:02:52.840,281.5,281.55,17,113
KOSPI200 Future,09:02:52.890,281.5,281.55,38,113
KOSPI200 Future,09:02:52.910,281.5,281.55,18,113
KOSPI200 Future,09:02:52.920,281.5,281.55,8,113
KOSPI200 Future,09:02:52.960,281.5,281.55,7,110
KOSPI200 Future,09:02:52.980,281.5,281.55,6,108
KOSPI200 Future,09:02:53.010,281.45,281.5,115,14
KOSPI200 Future,09:02:53.090,281.45,281.5,115,16
KOSPI200 Future,09:02:53.150,281.45,281.5,114,15
KOSPI200 Future,09:02:53.150,281.5,281.55,25,94
KOSPI200 Future,09:02:53.160,281.5,281.55,23,94
KOSPI200 Future,09:02:53.190,281.5,281.55,22,94
KOSPI200 Future,09:02:53.280,281.45,281.55,114,94
KOSPI200 Future,09:02:53.310,281.45,281.55,114,94
KOSPI200 Future,09:02:53.330,281.45,281.55,113,91
